{"type": "meta", "symbol": "BTCUSDT", "streams": ["btcusdt@depth@100ms", "btcusdt@trade"], "ws_base": "wss://data-stream.binance.vision", "captured_at_ms": 1783008087126}
{"type": "depth", "ts": 1783008086914, "U": 96863148685, "u": 96863148716, "bids": [["61618.33000000", "0.00000000"], ["61613.64000000", "0.00000000"], ["61609.64000000", "0.00009000"], ["55467.00000000", "0.09357000"], ["55466.99000000", "0.00000000"]], "asks": [["61630.00000000", "3.41557000"], ["61630.66000000", "0.01027000"], ["61631.89000000", "0.00894000"], ["61633.33000000", "0.09433000"], ["61633.94000000", "0.00000000"], ["61634.34000000", "0.04046000"], ["61634.63000000", "0.00009000"], ["61637.83000000", "0.97390000"], ["61646.63000000", "0.00009000"], ["61650.63000000", "0.00000000"], ["61651.73000000", "0.00000000"], ["61655.26000000", "0.00000000"], ["61849.20000000", "0.00000000"], ["61908.90000000", "0.00000000"], ["61968.60000000", "0.00000000"]]}
{"type": "snapshot", "last_update_id": 96863149391, "bids": [["61629.70000000", "0.25051000"], ["61629.69000000", "0.00072000"], ["61629.63000000", "0.00009000"], ["61628.45000000", "0.00009000"], ["61628.44000000", "0.00026000"], ["61628.40000000", "0.00009000"], ["61628.01000000", "0.00009000"], ["61628.00000000", "0.01730000"], ["61627.99000000", "0.00009000"], ["61627.72000000", "0.00009000"], ["61627.47000000", "0.00009000"], ["61627.02000000", "0.00009000"], ["61626.33000000", "0.00177000"], ["61626.01000000", "0.00009000"], ["61626.00000000", "0.01918000"], ["61625.90000000", "0.00009000"], ["61625.89000000", "0.03389000"], ["61625.50000000", "0.00009000"], ["61625.00000000", "0.00324000"], ["61624.74000000", "0.00009000"], ["61624.73000000", "0.04727000"], ["61624.64000000", "0.00009000"], ["61624.47000000", "0.00009000"], ["61624.34000000", "0.00009000"], ["61624.33000000", "0.08276000"], ["61624.13000000", "0.00024000"], ["61624.01000000", "0.00009000"], ["61624.00000000", "0.02427000"], ["61623.99000000", "0.02491000"], ["61623.83000000", "0.00019000"], ["61623.82000000", "0.00300000"], ["61623.07000000", "0.00034000"], ["61622.56000000", "0.00009000"], ["61622.55000000", "0.00009000"], ["61622.54000000", "0.00031000"], ["61622.29000000", "0.00009000"], ["61622.05000000", "0.01018000"], ["61622.01000000", "0.00009000"], ["61622.00000000", "0.02418000"], ["61621.66000000", "0.00300000"], ["61621.56000000", "0.00009000"], ["61621.41000000", "0.00009000"], ["61621.40000000", "0.02190000"], ["61621.06000000", "0.00048000"], ["61620.89000000", "0.00400000"], ["61620.87000000", "0.60917000"], ["61620.86000000", "0.00009000"], ["61620.85000000", "0.08574000"], ["61620.82000000", "0.01200000"], ["61620.81000000", "0.38956000"], ["61620.80000000", "0.00010000"], ["61620.79000000", "0.51849000"], ["61620.76000000", "0.00013000"], ["61620.59000000", "0.00153000"], ["61620.29000000", "0.00009000"], ["61620.12000000", "0.00243000"], ["61620.03000000", "1.36818000"], ["61620.00000000", "0.02400000"], ["61619.84000000", "0.00936000"], ["61619.74000000", "0.00010000"], ["61619.60000000", "0.00009000"], ["61619.57000000", "0.00499000"], ["61619.54000000", "0.00009000"], ["61619.18000000", "0.00009000"], ["61618.96000000", "0.00009000"], ["61618.63000000", "0.01000000"], ["61618.59000000", "0.00400000"], ["61618.57000000", "0.01000000"], ["61618.50000000", "0.00048000"], ["61618.48000000", "0.00009000"], ["61618.44000000", "0.08771000"], ["61618.32000000", "0.00400000"], ["61618.29000000", "0.00009000"], ["61618.01000000", "0.01000000"], ["61618.00000000", "0.02400000"], ["61617.95000000", "0.01000000"], ["61617.90000000", "0.00009000"], ["61617.88000000", "0.01000000"], ["61617.82000000", "0.01000000"], ["61617.67000000", "0.00009000"], ["61617.65000000", "0.24750000"], ["61617.53000000", "0.86452000"], ["61617.52000000", "1.36818000"], ["61617.46000000", "0.00978000"], ["61617.26000000", "0.00189000"], ["61617.23000000", "0.02000000"], ["61617.03000000", "0.01000000"], ["61616.89000000", "0.00034000"], ["61616.66000000", "0.00010000"], ["61616.65000000", "0.00009000"], ["61616.52000000", "0.00009000"], ["61616.38000000", "0.00909000"], ["61616.29000000", "0.00009000"], ["61616.21000000", "0.00060000"], ["61616.00000000", "0.02400000"], ["61615.75000000", "0.00400000"], ["61615.55000000", "0.01000000"], ["61615.54000000", "0.97390000"], ["61615.43000000", "0.01000000"], ["61615.40000000", "0.00508000"], ["61615.05000000", "0.01000000"], ["61615.01000000", "1.11536000"], ["61615.00000000", "1.36330000"], ["61614.98000000", "0.00250000"], ["61614.97000000", "0.00009000"], ["61614.81000000", "0.01300000"], ["61614.74000000", "0.02000000"], ["61614.72000000", "0.00010000"], ["61614.57000000", "0.00022000"], ["61614.40000000", "0.38956000"], ["61614.33000000", "0.00649000"], ["61614.29000000", "0.00009000"], ["61614.06000000", "0.00400000"], ["61614.00000000", "0.02400000"], ["61613.70000000", "0.00009000"], ["61613.58000000", "0.00010000"], ["61613.50000000", "0.00009000"], ["61613.29000000", "0.04869000"], ["61613.18000000", "0.00978000"], ["61613.03000000", "0.00324000"], ["61612.51000000", "0.05922000"], ["61612.50000000", "1.36818000"], ["61612.43000000", "0.00400000"], ["61612.32000000", "0.00009000"], ["61612.29000000", "0.00009000"], ["61612.26000000", "0.02000000"], ["61612.12000000", "0.00400000"], ["61612.04000000", "0.00009000"], ["61612.00000000", "0.02400000"], ["61611.80000000", "0.00009000"], ["61611.78000000", "0.61117000"], ["61611.77000000", "0.97390000"], ["61611.50000000", "0.00016000"], ["61611.48000000", "0.00024000"], ["61611.35000000", "0.00013000"], ["61611.13000000", "0.46584000"], ["61611.12000000", "0.24750000"], ["61610.75000000", "0.00009000"], ["61610.72000000", "0.00034000"], ["61610.53000000", "0.12000000"], ["61610.50000000", "0.00010000"], ["61610.48000000", "0.00009000"], ["61610.35000000", "0.36367000"], ["61610.29000000", "0.00009000"], ["61610.11000000", "0.00024000"], ["61610.10000000", "0.00178000"], ["61610.01000000", "0.00488000"], ["61610.00000000", "0.02400000"], ["61609.86000000", "0.00899000"], ["61609.68000000", "0.00973000"], ["61609.24000000", "0.00009000"], ["61609.11000000", "0.00009000"], ["61608.64000000", "0.00010000"], ["61608.51000000", "0.00009000"], ["61608.38000000", "0.00013000"], ["61608.22000000", "0.86151000"], ["61608.21000000", "1.36330000"], ["61608.05000000", "0.56509000"], ["61608.00000000", "0.02400000"], ["61607.82000000", "0.03023000"], ["61607.80000000", "0.00009000"], ["61607.71000000", "0.97390000"], ["61607.60000000", "0.00400000"], ["61607.46000000", "0.00009000"], ["61607.42000000", "0.00010000"], ["61607.40000000", "0.00162000"], ["61607.39000000", "0.00059000"], ["61606.53000000", "0.00825000"], ["61606.18000000", "0.00009000"], ["61606.16000000", "0.91114000"], ["61606.13000000", "0.00009000"], ["61606.00000000", "0.02400000"], ["61605.90000000", "0.00400000"], ["61605.20000000", "0.00400000"], ["61604.85000000", "0.00009000"], ["61604.64000000", "0.00009000"], ["61604.44000000", "0.00009000"], ["61604.40000000", "0.00034000"], ["61604.34000000", "0.00010000"], ["61604.31000000", "0.00987000"], ["61604.29000000", "0.00009000"], ["61604.00000000", "0.02400000"], ["61603.98000000", "0.38956000"], ["61603.95000000", "1.36330000"], ["61603.93000000", "0.24750000"], ["61603.88000000", "0.97390000"], ["61603.68000000", "0.00144000"], ["61603.50000000", "0.64194000"], ["61603.33000000", "0.00012000"], ["61603.25000000", "0.00009000"], ["61603.08000000", "0.00409000"], ["61602.86000000", "0.04217000"], ["61602.56000000", "0.00010000"], ["61602.53000000", "0.89930000"], ["61602.34000000", "0.01624000"], ["61602.19000000", "0.00013000"], ["61602.00000000", "0.02400000"], ["61601.90000000", "0.58507000"], ["61601.65000000", "0.00488000"], ["61601.62000000", "0.00009000"], ["61601.42000000", "0.00009000"], ["61601.25000000", "0.00010000"], ["61600.91000000", "1.36330000"], ["61600.88000000", "0.01000000"], ["61600.83000000", "0.00191000"], ["61600.82000000", "0.01000000"], ["61600.77000000", "0.58499000"], ["61600.54000000", "0.00400000"], ["61600.32000000", "0.00009000"], ["61600.15000000", "0.97390000"], ["61600.00000000", "0.07720000"], ["61599.90000000", "0.00009000"], ["61599.15000000", "0.00360000"], ["61599.06000000", "0.01000000"], ["61599.02000000", "0.01000000"], ["61598.95000000", "0.00009000"], ["61598.42000000", "0.02000000"], ["61598.41000000", "0.00009000"], ["61598.38000000", "1.36330000"], ["61598.17000000", "0.00034000"], ["61598.13000000", "0.00009000"], ["61598.07000000", "0.01000000"], ["61598.00000000", "0.03400000"], ["61597.95000000", "0.00948000"], ["61597.83000000", "0.01200000"], ["61597.79000000", "0.01300000"], ["61597.74000000", "0.02000000"], ["61597.51000000", "0.24750000"], ["61597.48000000", "0.00009000"], ["61597.39000000", "0.00009000"], ["61597.20000000", "0.01000000"], ["61597.19000000", "0.00400000"], ["61596.92000000", "0.00009000"], ["61596.48000000", "0.00010000"], ["61596.32000000", "0.58503000"], ["61596.30000000", "0.00009000"], ["61596.04000000", "0.41628000"], ["61596.03000000", "0.13522000"], ["61596.00000000", "0.02413000"], ["61595.39000000", "0.00009000"], ["61595.34000000", "0.01000000"], ["61594.75000000", "0.04217000"], ["61594.73000000", "0.00009000"], ["61594.60000000", "0.00400000"], ["61594.58000000", "1.36330000"], ["61594.56000000", "0.97390000"], ["61594.46000000", "0.00009000"], ["61594.24000000", "0.38956000"], ["61594.00000000", "0.02400000"], ["61593.84000000", "0.00009000"], ["61593.71000000", "0.03227000"], ["61593.37000000", "0.00100000"], ["61593.21000000", "0.01823000"], ["61593.01000000", "0.00016000"], ["61592.93000000", "0.00009000"], ["61592.90000000", "0.00024000"], ["61592.74000000", "0.00499000"], ["61592.37000000", "0.00009000"], ["61592.20000000", "1.17014000"], ["61592.00000000", "0.02400000"], ["61591.53000000", "0.00009000"], ["61591.40000000", "0.00400000"], ["61590.98000000", "1.36330000"], ["61590.90000000", "0.00009000"], ["61590.76000000", "0.00009000"], ["61590.56000000", "1.14743000"], ["61590.40000000", "0.00010000"], ["61590.37000000", "0.97390000"], ["61590.32000000", "0.00009000"], ["61590.14000000", "0.24750000"], ["61590.00000000", "1.63797000"], ["61589.94000000", "0.77892000"], ["61589.85000000", "0.00009000"], ["61589.81000000", "0.00013000"], ["61589.35000000", "0.00009000"], ["61588.31000000", "0.00009000"], ["61588.12000000", "0.00034000"], ["61588.01000000", "0.38956000"], ["61588.00000000", "0.02400000"], ["61587.68000000", "0.00009000"], ["61586.83000000", "0.00024000"], ["61586.62000000", "0.00033000"], ["61586.57000000", "0.97390000"], ["61586.52000000", "0.00009000"], ["61586.33000000", "0.00009000"], ["61586.20000000", "0.00400000"], ["61586.00000000", "0.02728000"], ["61585.45000000", "0.01000000"], ["61584.72000000", "0.00250000"], ["61584.60000000", "0.00009000"], ["61584.45000000", "0.05363000"], ["61584.32000000", "0.00010000"], ["61584.31000000", "0.00009000"], ["61584.04000000", "0.01000000"], ["61584.01000000", "0.00051000"], ["61584.00000000", "0.02400000"], ["61583.94000000", "0.01000000"], ["61583.84000000", "1.33165000"], ["61583.83000000", "1.60917000"], ["61583.63000000", "0.01000000"], ["61583.62000000", "0.00013000"], ["61583.58000000", "1.36330000"], ["61583.32000000", "0.00434000"], ["61583.16000000", "0.00009000"], ["61583.13000000", "0.61712000"], ["61582.85000000", "0.97390000"], ["61582.52000000", "0.01000000"], ["61582.46000000", "0.00009000"], ["61582.37000000", "0.01300000"], ["61582.11000000", "0.00499000"], ["61582.00000000", "0.04023000"], ["61581.94000000", "0.00034000"], ["61581.91000000", "0.02200000"], ["61581.89000000", "0.01000000"], ["61581.78000000", "0.01000000"], ["61581.69000000", "0.38956000"], ["61581.64000000", "0.01000000"], ["61581.52000000", "0.00009000"], ["61581.45000000", "0.00400000"], ["61581.20000000", "0.11274000"], ["61580.93000000", "0.04217000"], ["61580.90000000", "0.02589000"], ["61580.57000000", "0.00013000"], ["61580.48000000", "0.00009000"], ["61580.31000000", "0.00009000"], ["61580.30000000", "0.00009000"], ["61580.23000000", "0.24750000"], ["61580.00000000", "0.02416000"], ["61579.89000000", "0.00825000"], ["61579.33000000", "0.00499000"], ["61578.82000000", "0.00400000"], ["61578.50000000", "0.01000000"], ["61578.44000000", "0.01009000"], ["61578.32000000", "0.00009000"], ["61578.24000000", "0.00010000"], ["61578.01000000", "1.08690000"], ["61578.00000000", "0.02400000"], ["61577.88000000", "0.01000000"], ["61577.43000000", "0.00013000"], ["61577.28000000", "0.00009000"], ["61576.56000000", "0.00499000"], ["61576.52000000", "0.00009000"], ["61576.21000000", "0.02477000"], ["61576.18000000", "1.36330000"], ["61576.10000000", "0.01826000"], ["61576.00000000", "0.02409000"], ["61575.74000000", "1.50196000"], ["61575.73000000", "0.00034000"], ["61575.45000000", "0.97390000"], ["61575.36000000", "0.00009000"], ["61575.10000000", "0.14947000"], ["61575.09000000", "0.38956000"], ["61574.96000000", "0.00009000"], ["61574.55000000", "0.00009000"], ["61574.52000000", "0.00016000"], ["61574.26000000", "0.00009000"], ["61574.00000000", "0.02400000"], ["61573.71000000", "0.00328000"], ["61573.54000000", "0.00009000"], ["61573.23000000", "0.00009000"], ["61573.13000000", "0.00436000"], ["61572.28000000", "0.00009000"], ["61572.16000000", "0.00010000"], ["61572.02000000", "0.00095000"], ["61572.01000000", "0.00401000"], ["61572.00000000", "0.02400000"], ["61571.89000000", "0.93294000"], ["61571.88000000", "1.36330000"], ["61571.84000000", "0.24750000"], ["61571.69000000", "0.03861000"], ["61571.68000000", "0.00282000"], ["61571.64000000", "1.60949000"], ["61571.51000000", "0.00010000"], ["61571.38000000", "0.00009000"], ["61571.24000000", "0.00013000"], ["61571.01000000", "0.00499000"], ["61570.36000000", "0.01133000"], ["61570.00000000", "0.02400000"], ["61569.91000000", "0.00250000"], ["61569.84000000", "0.00009000"], ["61569.20000000", "0.00009000"], ["61568.84000000", "0.00009000"], ["61568.79000000", "0.93013000"], ["61568.78000000", "1.36330000"], ["61568.61000000", "0.75064000"], ["61568.23000000", "0.00009000"], ["61568.21000000", "0.00034000"], ["61568.05000000", "0.97390000"], ["61568.00000000", "0.02400000"], ["61567.99000000", "0.00009000"], ["61566.57000000", "0.00826000"], ["61566.49000000", "0.00532000"], ["61566.12000000", "0.00009000"], ["61566.08000000", "0.00010000"], ["61566.03000000", "0.00009000"], ["61566.00000000", "0.02400000"], ["61565.92000000", "0.00500000"], ["61565.85000000", "0.01658000"], ["61565.35000000", "0.54538000"], ["61565.26000000", "1.60965000"], ["61565.05000000", "0.00013000"], ["61565.00000000", "0.07614000"], ["61564.93000000", "0.00009000"], ["61564.00000000", "0.02400000"], ["61563.68000000", "0.24750000"], ["61563.56000000", "0.97471000"], ["61563.49000000", "0.00112000"], ["61563.38000000", "0.00009000"], ["61563.20000000", "0.03255000"], ["61563.04000000", "0.00009000"], ["61562.55000000", "0.01692000"], ["61562.45000000", "0.04217000"], ["61562.20000000", "0.00009000"], ["61562.05000000", "0.38956000"], ["61562.04000000", "0.00034000"], ["61562.00000000", "0.02400000"], ["61561.68000000", "0.00039000"], ["61561.39000000", "0.00100000"], ["61561.38000000", "1.36330000"], ["61561.36000000", "0.00009000"], ["61561.32000000", "0.00009000"], ["61560.65000000", "0.97390000"], ["61560.00000000", "0.02428000"], ["61559.96000000", "0.00009000"], ["61559.91000000", "0.01000000"], ["61559.68000000", "0.08003000"], ["61559.61000000", "0.00009000"], ["61559.28000000", "0.00490000"], ["61559.18000000", "0.00009000"], ["61558.86000000", "0.00013000"], ["61558.52000000", "0.00009000"], ["61558.00000000", "0.02400000"], ["61557.60000000", "0.00009000"], ["61557.38000000", "0.24750000"], ["61556.88000000", "0.00009000"], ["61556.71000000", "0.00492000"], ["61556.50000000", "0.00030000"], ["61556.22000000", "0.01150000"], ["61556.03000000", "0.00016000"], ["61556.00000000", "0.02400000"], ["61555.85000000", "0.53157000"], ["61555.84000000", "1.36330000"], ["61555.75000000", "0.38956000"], ["61555.53000000", "0.00009000"], ["61555.40000000", "0.00034000"], ["61554.94000000", "0.00250000"], ["61554.52000000", "0.00009000"], ["61554.00000000", "0.02400000"], ["61553.92000000", "0.00010000"], ["61553.80000000", "0.31116000"], ["61553.68000000", "0.00009000"], ["61553.25000000", "0.98216000"], ["61553.21000000", "0.04217000"], ["61553.15000000", "0.00009000"], ["61552.67000000", "0.00013000"], ["61552.51000000", "0.00500000"], ["61552.00000000", "0.02409000"], ["61551.62000000", "0.00080000"], ["61551.10000000", "0.00009000"], ["61551.01000000", "0.00009000"], ["61550.72000000", "0.00009000"], ["61550.01000000", "0.00701000"], ["61550.00000000", "0.02454000"], ["61549.79000000", "0.00013000"], ["61549.39000000", "0.00009000"], ["61549.02000000", "0.00034000"], ["61548.81000000", "0.00500000"], ["61548.02000000", "0.25218000"], ["61548.01000000", "0.82053000"], ["61548.00000000", "0.02400000"], ["61547.84000000", "0.00010000"], ["61547.83000000", "0.00009000"], ["61547.64000000", "0.00009000"], ["61547.36000000", "0.00009000"], ["61547.12000000", "0.00009000"], ["61546.71000000", "1.14013000"], ["61546.70000000", "0.38956000"], ["61546.48000000", "0.00013000"], ["61546.00000000", "0.02400000"], ["61545.96000000", "0.00009000"], ["61545.47000000", "0.24750000"], ["61545.18000000", "0.00310000"], ["61544.71000000", "3.24002000"], ["61544.56000000", "0.00009000"], ["61544.33000000", "0.00009000"], ["61544.11000000", "0.00009000"], ["61544.10000000", "0.00009000"], ["61544.01000000", "0.02946000"], ["61544.00000000", "0.02400000"], ["61543.97000000", "0.04217000"], ["61543.50000000", "0.00009000"], ["61543.26000000", "0.00500000"], ["61542.81000000", "0.00034000"], ["61542.55000000", "0.00009000"], ["61542.00000000", "0.02400000"], ["61541.76000000", "0.00010000"], ["61541.18000000", "2.17512000"], ["61540.72000000", "0.69990000"], ["61540.43000000", "0.00100000"], ["61540.32000000", "0.00009000"], ["61540.29000000", "0.00013000"], ["61540.20000000", "0.00009000"], ["61540.00000000", "0.02400000"], ["61539.99000000", "4.87992000"], ["61539.93000000", "0.00826000"], ["61539.46000000", "0.38956000"], ["61539.10000000", "0.00500000"], ["61538.94000000", "0.24750000"], ["61538.40000000", "0.00009000"], ["61538.32000000", "0.00009000"], ["61538.07000000", "0.00009000"], ["61538.01000000", "0.01626000"], ["61538.00000000", "0.02400000"], ["61537.55000000", "0.00061000"], ["61536.64000000", "0.00024000"], ["61536.32000000", "0.00009000"], ["61536.00000000", "0.02400000"], ["61535.99000000", "0.00009000"], ["61535.68000000", "0.00010000"], ["61535.66000000", "0.00034000"], ["61535.62000000", "0.00155000"], ["61535.05000000", "0.00009000"], ["61534.74000000", "0.07358000"], ["61534.73000000", "0.04217000"], ["61534.32000000", "0.00009000"], ["61534.21000000", "0.12000000"], ["61534.00000000", "0.02400000"], ["61533.97000000", "0.00109000"], ["61533.85000000", "0.07511000"], ["61533.48000000", "0.00032000"], ["61533.38000000", "0.00026000"], ["61533.04000000", "0.00009000"], ["61532.56000000", "0.00060000"], ["61532.00000000", "0.02400000"], ["61531.99000000", "0.20014000"], ["61531.98000000", "0.38956000"], ["61531.82000000", "0.00009000"], ["61531.63000000", "0.00009000"], ["61531.28000000", "0.00064000"], ["61531.26000000", "0.00011000"], ["61531.25000000", "0.00015000"], ["61530.85000000", "0.00012000"], ["61530.56000000", "0.00009000"], ["61530.44000000", "0.24750000"], ["61530.00000000", "0.02459000"], ["61529.60000000", "0.00010000"], ["61529.56000000", "0.00010000"], ["61529.43000000", "0.00034000"], ["61529.41000000", "0.00755000"], ["61529.34000000", "0.00009000"], ["61529.32000000", "0.04553000"], ["61529.12000000", "0.00177000"], ["61528.90000000", "0.00018000"], ["61528.69000000", "0.00020000"], ["61528.62000000", "0.00022000"], ["61528.40000000", "0.00013000"], ["61528.21000000", "0.00161000"], ["61528.01000000", "0.03082000"], ["61528.00000000", "0.02414000"], ["61527.98000000", "0.00011000"], ["61527.79000000", "0.00009000"], ["61526.72000000", "0.00958000"], ["61526.61000000", "0.01326000"], ["61526.59000000", "0.00194000"], ["61526.31000000", "0.00009000"], ["61526.21000000", "0.05394000"], ["61526.17000000", "0.00009000"], ["61526.02000000", "0.17071000"], ["61526.01000000", "0.00009000"], ["61526.00000000", "0.02400000"], ["61525.99000000", "0.00045000"], ["61525.88000000", "0.00009000"], ["61525.81000000", "0.38956000"], ["61525.76000000", "0.00010000"], ["61525.69000000", "0.00500000"], ["61525.61000000", "0.00016000"], ["61525.52000000", "0.12000000"], ["61525.49000000", "0.04217000"], ["61525.04000000", "0.00237000"], ["61524.60000000", "0.00250000"], ["61524.59000000", "0.00010000"], ["61524.35000000", "0.01826000"], ["61524.29000000", "0.00009000"], ["61524.00000000", "0.02400000"], ["61523.91000000", "0.00009000"], ["61523.87000000", "0.00048000"], ["61523.80000000", "0.00010000"], ["61523.61000000", "0.00010000"], ["61523.55000000", "0.00009000"], ["61523.52000000", "0.00010000"], ["61523.03000000", "0.00665000"], ["61522.94000000", "0.82067000"], ["61522.93000000", "0.24750000"], ["61522.86000000", "0.06413000"], ["61522.85000000", "0.00011000"], ["61522.79000000", "0.00034000"], ["61522.71000000", "0.00015000"], ["61522.62000000", "0.00009000"], ["61522.00000000", "0.02400000"], ["61521.73000000", "0.00009000"], ["61521.72000000", "0.00009000"], ["61521.66000000", "0.00092000"], ["61521.32000000", "0.00032000"], ["61521.06000000", "0.00009000"], ["61520.15000000", "2.34266000"], ["61520.11000000", "0.00020000"], ["61520.00000000", "0.02862000"], ["61519.98000000", "0.00009000"], ["61519.92000000", "0.00009000"], ["61519.77000000", "0.00013000"], ["61519.41000000", "0.00480000"], ["61519.14000000", "0.16430000"], ["61519.01000000", "0.00013000"], ["61518.97000000", "0.38956000"], ["61518.78000000", "0.00009000"], ["61518.72000000", "0.00009000"], ["61518.50000000", "0.00025000"], ["61518.49000000", "0.00162000"], ["61518.33000000", "0.12000000"], ["61518.07000000", "0.00009000"], ["61518.00000000", "0.02400000"], ["61517.85000000", "0.00013000"], ["61517.83000000", "0.00045000"], ["61517.44000000", "0.00010000"], ["61517.22000000", "0.00009000"], ["61517.16000000", "0.00305000"], ["61516.74000000", "1.56861000"], ["61516.73000000", "0.24750000"], ["61516.35000000", "0.00013000"], ["61516.33000000", "0.00034000"], ["61516.26000000", "0.04217000"], ["61516.16000000", "0.00015000"], ["61516.12000000", "0.00009000"], ["61516.00000000", "0.10543000"], ["61515.95000000", "0.04607000"], ["61515.75000000", "4.88189000"], ["61515.51000000", "0.00160000"], ["61515.45000000", "0.00024000"], ["61515.17000000", "0.00038000"], ["61515.16000000", "0.00032000"], ["61515.15000000", "0.01159000"], ["61515.09000000", "0.00009000"], ["61514.93000000", "0.00027000"], ["61514.77000000", "0.00011000"], ["61514.38000000", "0.00262000"], ["61514.05000000", "0.00009000"], ["61514.00000000", "0.02428000"], ["61513.68000000", "0.00009000"], ["61513.50000000", "0.00009000"], ["61512.38000000", "0.00065000"], ["61512.28000000", "0.00500000"], ["61512.21000000", "1.47852000"], ["61512.20000000", "4.88196000"], ["61512.00000000", "0.02562000"], ["61511.91000000", "0.00009000"], ["61511.46000000", "0.00012000"], ["61511.36000000", "0.00010000"], ["61510.98000000", "0.00162000"], ["61510.86000000", "0.04367000"], ["61510.61000000", "0.22405000"], ["61510.60000000", "0.38956000"], ["61510.55000000", "0.24750000"], ["61510.44000000", "0.00009000"], ["61510.18000000", "0.00009000"], ["61510.13000000", "0.00128000"], ["61510.11000000", "0.00034000"], ["61510.00000000", "0.02450000"], ["61509.97000000", "0.00500000"], ["61509.87000000", "0.00010000"], ["61509.00000000", "0.00032000"], ["61508.86000000", "0.00012000"], ["61508.14000000", "0.00009000"], ["61508.02000000", "0.00110000"], ["61508.00000000", "0.15750000"], ["61507.99000000", "0.00043000"], ["61507.92000000", "0.00009000"], ["61507.50000000", "0.00054000"], ["61507.27000000", "0.00082000"], ["61507.10000000", "0.00009000"], ["61507.05000000", "0.00162000"], ["61507.03000000", "0.04217000"], ["61506.83000000", "0.00051000"], ["61506.81000000", "0.00020000"], ["61506.78000000", "0.00045000"], ["61506.00000000", "0.02400000"], ["61505.57000000", "0.00012000"], ["61505.28000000", "0.00010000"], ["61505.15000000", "0.00012000"], ["61504.91000000", "0.00009000"], ["61504.83000000", "0.00013000"], ["61504.38000000", "0.09222000"], ["61504.37000000", "0.24750000"], ["61504.13000000", "0.00065000"], ["61504.00000000", "0.02400000"], ["61503.97000000", "0.00009000"], ["61503.73000000", "0.00057000"], ["61503.61000000", "0.00100000"], ["61503.29000000", "0.00034000"], ["61502.83000000", "0.00032000"], ["61502.82000000", "0.00260000"], ["61502.28000000", "0.00009000"], ["61502.08000000", "0.00162000"], ["61502.07000000", "0.00845000"], ["61502.02000000", "0.00009000"], ["61502.00000000", "0.02400000"], ["61501.60000000", "0.00174000"], ["61501.44000000", "0.00009000"], ["61501.41000000", "0.00009000"], ["61501.06000000", "0.00015000"], ["61500.73000000", "0.00022000"], ["61500.63000000", "0.00037000"], ["61500.41000000", "0.17423000"], ["61500.22000000", "0.00162000"], ["61500.12000000", "0.00009000"], ["61500.01000000", "0.00018000"], ["61500.00000000", "0.51052000"], ["61499.66000000", "0.00067000"], ["61499.20000000", "0.00010000"], ["61499.00000000", "0.00058000"], ["61498.97000000", "0.00009000"], ["61498.94000000", "0.00009000"], ["61498.87000000", "0.00500000"], ["61498.30000000", "0.00109000"], ["61498.26000000", "0.00020000"], ["61498.19000000", "0.24750000"], ["61497.86000000", "0.00025000"], ["61497.80000000", "0.04217000"], ["61497.63000000", "0.00031000"], ["61497.24000000", "0.00009000"], ["61497.12000000", "0.00265000"], ["61497.07000000", "0.00034000"], ["61497.03000000", "0.00040000"], ["61496.67000000", "0.00032000"], ["61496.47000000", "0.00009000"], ["61495.85000000", "0.02542000"], ["61495.43000000", "0.00014000"], ["61494.99000000", "0.00379000"], ["61494.84000000", "0.00038000"], ["61494.42000000", "0.00064000"], ["61493.62000000", "0.00010000"], ["61493.46000000", "0.00013000"], ["61493.39000000", "0.00009000"], ["61493.32000000", "0.00500000"], ["61493.12000000", "0.00010000"], ["61493.08000000", "0.00019000"], ["61492.83000000", "0.00223000"], ["61492.34000000", "0.00009000"], ["61492.09000000", "0.00056000"], ["61492.02000000", "0.12528000"], ["61492.01000000", "0.24750000"], ["61491.99000000", "0.00047000"], ["61491.49000000", "0.00048000"], ["61490.99000000", "0.00162000"], ["61490.97000000", "0.00009000"], ["61490.92000000", "0.07396000"], ["61490.83000000", "0.00034000"], ["61490.55000000", "0.00108000"], ["61490.51000000", "0.00032000"], ["61490.31000000", "0.00009000"], ["61490.00000000", "0.00050000"], ["61489.18000000", "0.00016000"], ["61489.03000000", "0.00017000"], ["61489.01000000", "0.03115000"], ["61489.00000000", "0.07677000"], ["61488.57000000", "0.04217000"], ["61488.49000000", "0.00054000"], ["61488.48000000", "0.00271000"], ["61488.43000000", "1.20000000"], ["61488.23000000", "0.00013000"], ["61488.10000000", "0.00010000"], ["61488.00000000", "0.00048000"], ["61487.91000000", "0.00009000"], ["61487.62000000", "0.00104000"], ["61487.48000000", "0.00009000"], ["61487.04000000", "0.00010000"], ["61486.89000000", "0.00027000"], ["61486.88000000", "0.00015000"], ["61486.83000000", "0.00009000"], ["61486.76000000", "0.00016000"], ["61486.66000000", "0.00194000"], ["61485.99000000", "0.00020000"], ["61485.94000000", "0.00014000"], ["61485.83000000", "0.24750000"], ["61485.71000000", "0.00127000"], ["61485.59000000", "0.00024000"], ["61485.46000000", "0.00500000"], ["61485.30000000", "0.00056000"], ["61485.13000000", "0.21734000"], ["61485.10000000", "0.00016000"], ["61484.66000000", "0.00278000"], ["61484.56000000", "0.00011000"], ["61484.50000000", "0.00040000"], ["61484.44000000", "0.00044000"], ["61484.40000000", "0.00009000"], ["61484.34000000", "0.00032000"], ["61483.97000000", "0.00034000"], ["61483.77000000", "0.00009000"], ["61483.56000000", "0.00024000"], ["61483.37000000", "0.00019000"], ["61483.24000000", "0.00009000"], ["61482.96000000", "0.00009000"], ["61482.87000000", "0.00009000"], ["61482.78000000", "0.00009000"], ["61481.60000000", "0.00162000"], ["61481.33000000", "0.09255000"], ["61481.22000000", "0.00009000"], ["61481.18000000", "0.00024000"], ["61480.27000000", "0.00009000"], ["61480.19000000", "0.00009000"], ["61480.07000000", "0.00011000"], ["61480.00000000", "0.00649000"], ["61479.77000000", "0.00197000"], ["61479.70000000", "0.00316000"], ["61479.67000000", "0.00009000"], ["61479.65000000", "0.24750000"], ["61479.54000000", "0.00490000"], ["61479.42000000", "0.01486000"], ["61479.38000000", "0.00010000"], ["61479.35000000", "0.00012000"], ["61479.28000000", "0.01933000"], ["61478.26000000", "0.00026000"], ["61478.18000000", "0.00032000"], ["61477.79000000", "0.00009000"], ["61477.74000000", "0.00271000"], ["61477.73000000", "0.00048000"], ["61477.72000000", "0.00009000"], ["61477.57000000", "0.00059000"], ["61477.26000000", "0.00009000"], ["61477.19000000", "0.00052000"], ["61476.70000000", "0.00140000"], ["61476.67000000", "0.00500000"], ["61476.58000000", "0.00050000"], ["61476.47000000", "0.00031000"], ["61476.04000000", "0.00162000"], ["61475.84000000", "4.88484000"], ["61475.76000000", "0.00009000"], ["61475.25000000", "0.00035000"], ["61475.00000000", "0.00019000"], ["61474.64000000", "0.00009000"], ["61474.41000000", "0.00061000"], ["61474.26000000", "0.01504000"], ["61473.76000000", "4.88501000"], ["61473.47000000", "0.24750000"], ["61473.46000000", "0.00009000"], ["61472.77000000", "0.00046000"], ["61472.74000000", "0.00009000"], ["61472.65000000", "0.00009000"], ["61472.50000000", "0.00010000"], ["61472.40000000", "0.00211000"], ["61472.31000000", "0.01325000"], ["61472.28000000", "0.00676000"], ["61472.05000000", "0.00500000"], ["61472.02000000", "0.00032000"], ["61471.91000000", "0.00017000"], ["61471.89000000", "0.00933000"], ["61471.81000000", "0.00109000"], ["61471.79000000", "0.00032000"], ["61471.77000000", "0.00009000"], ["61471.53000000", "0.00034000"], ["61471.42000000", "0.00035000"], ["61471.25000000", "0.00009000"], ["61470.64000000", "0.00013000"], ["61470.59000000", "0.00013000"], ["61470.58000000", "0.00958000"], ["61470.06000000", "0.00812000"], ["61470.00000000", "0.00050000"], ["61469.77000000", "0.00009000"], ["61469.37000000", "0.00009000"], ["61468.94000000", "0.00012000"], ["61468.80000000", "0.00010000"], ["61468.41000000", "0.00011000"], ["61468.39000000", "0.00009000"], ["61468.33000000", "0.00009000"], ["61467.57000000", "0.00012000"], ["61467.55000000", "0.00028000"], ["61467.40000000", "0.00013000"], ["61467.29000000", "0.24750000"], ["61467.03000000", "0.00020000"], ["61466.87000000", "0.00014000"], ["61466.69000000", "0.00009000"], ["61466.66000000", "0.00211000"], ["61466.46000000", "0.00872000"], ["61466.39000000", "0.00009000"], ["61466.16000000", "0.00011000"], ["61466.00000000", "0.00058000"], ["61465.85000000", "0.00032000"], ["61465.74000000", "0.00009000"], ["61465.57000000", "0.00009000"], ["61465.00000000", "0.00034000"], ["61464.92000000", "0.00009000"], ["61464.75000000", "0.00009000"], ["61464.69000000", "0.00017000"], ["61464.48000000", "0.00009000"], ["61464.39000000", "0.00009000"], ["61464.31000000", "0.00010000"], ["61464.10000000", "0.00027000"], ["61464.09000000", "0.00162000"], ["61463.73000000", "0.00009000"], ["61462.96000000", "0.00009000"], ["61462.73000000", "0.00009000"], ["61462.61000000", "0.00014000"], ["61462.17000000", "0.00032000"], ["61461.65000000", "0.00205000"], ["61461.53000000", "0.00011000"], ["61461.33000000", "0.07669000"], ["61461.15000000", "0.00182000"], ["61461.11000000", "0.24750000"], ["61460.61000000", "0.00009000"], ["61460.27000000", "0.00027000"], ["61460.02000000", "0.00500000"], ["61460.00000000", "0.00481000"], ["61459.72000000", "0.00009000"], ["61459.69000000", "0.00032000"], ["61458.74000000", "0.00034000"], ["61458.71000000", "0.00162000"], ["61458.63000000", "0.00500000"], ["61458.33000000", "0.00132000"], ["61458.20000000", "0.00510000"], ["61457.92000000", "0.00010000"], ["61457.76000000", "0.00009000"], ["61457.45000000", "0.00013000"], ["61457.32000000", "0.00009000"], ["61457.25000000", "0.00051000"], ["61457.14000000", "0.00027000"], ["61457.10000000", "0.00087000"], ["61457.01000000", "0.00040000"], ["61456.57000000", "0.00053000"], ["61456.44000000", "0.00162000"], ["61456.15000000", "0.00162000"], ["61455.79000000", "0.00009000"], ["61455.47000000", "0.00009000"], ["61454.94000000", "0.01001000"], ["61454.93000000", "0.24750000"], ["61454.54000000", "0.00022000"], ["61454.49000000", "0.00244000"], ["61454.38000000", "0.01933000"], ["61454.28000000", "0.00009000"], ["61454.02000000", "0.00194000"], ["61453.96000000", "0.00341000"], ["61453.85000000", "0.00010000"], ["61453.79000000", "0.00100000"], ["61453.74000000", "0.00022000"], ["61452.94000000", "0.00010000"], ["61452.84000000", "0.00024000"], ["61452.80000000", "0.00009000"], ["61452.62000000", "0.86653000"], ["61452.56000000", "0.00034000"], ["61452.13000000", "0.00009000"], ["61451.61000000", "0.00267000"], ["61450.74000000", "0.00101000"], ["61450.69000000", "0.00009000"], ["61450.56000000", "0.00010000"], ["61450.17000000", "0.00232000"], ["61450.00000000", "0.03007000"], ["61449.63000000", "0.00028000"], ["61449.16000000", "0.00049000"], ["61448.75000000", "0.24750000"], ["61448.25000000", "0.00009000"], ["61448.24000000", "0.00010000"], ["61447.36000000", "0.00041000"], ["61446.38000000", "0.00034000"], ["61446.36000000", "0.00038000"], ["61446.00000000", "0.00009000"], ["61445.78000000", "0.00022000"], ["61445.56000000", "0.00097000"], ["61445.39000000", "0.00013000"], ["61445.20000000", "0.00011000"], ["61444.87000000", "0.00018000"], ["61444.67000000", "0.00009000"], ["61444.32000000", "0.00014000"], ["61444.00000000", "0.00091000"], ["61443.58000000", "0.00014000"], ["61443.37000000", "0.00500000"], ["61443.20000000", "0.00009000"], ["61443.15000000", "0.00011000"], ["61443.14000000", "0.00417000"], ["61442.86000000", "4.88768000"], ["61442.59000000", "0.24750000"], ["61442.56000000", "0.00109000"], ["61442.24000000", "0.00016000"], ["61441.80000000", "0.00025000"], ["61441.25000000", "0.00014000"], ["61440.92000000", "0.00019000"], ["61440.20000000", "0.00034000"], ["61440.00000000", "0.01698000"], ["61439.93000000", "0.00013000"], ["61439.71000000", "0.00020000"], ["61439.42000000", "0.00024000"], ["61439.28000000", "0.00806000"], ["61439.23000000", "0.00115000"], ["61438.92000000", "0.00009000"], ["61438.80000000", "0.00024000"], ["61438.18000000", "0.00010000"], ["61438.05000000", "0.00289000"], ["61437.91000000", "0.00010000"], ["61437.50000000", "0.00009000"], ["61437.20000000", "0.00086000"], ["61436.39000000", "0.24750000"], ["61435.93000000", "0.00009000"], ["61435.62000000", "0.00011000"]], "asks": [["61629.71000000", "4.87266000"], ["61629.72000000", "0.00311000"], ["61629.73000000", "0.00017000"], ["61629.98000000", "0.47325000"], ["61629.99000000", "1.41472000"], ["61630.00000000", "0.11592000"], ["61630.66000000", "0.01027000"], ["61630.87000000", "0.04235000"], ["61631.40000000", "0.00009000"], ["61631.42000000", "0.00400000"], ["61631.89000000", "0.00894000"], ["61632.00000000", "0.10366000"], ["61632.09000000", "0.00009000"], ["61632.55000000", "0.00009000"], ["61632.91000000", "0.00034000"], ["61633.33000000", "0.00009000"], ["61633.95000000", "0.14923000"], ["61633.99000000", "0.86180000"], ["61634.00000000", "0.04340000"], ["61634.05000000", "0.00400000"], ["61634.20000000", "0.00902000"], ["61634.34000000", "0.04046000"], ["61634.35000000", "0.00009000"], ["61634.63000000", "0.00009000"], ["61634.90000000", "0.00013000"], ["61635.14000000", "0.00009000"], ["61635.21000000", "0.04217000"], ["61635.24000000", "0.01300000"], ["61635.30000000", "1.37430000"], ["61635.48000000", "0.00009000"], ["61636.00000000", "0.02400000"], ["61636.05000000", "0.03000000"], ["61636.08000000", "0.00902000"], ["61636.16000000", "0.00010000"], ["61636.17000000", "0.25450000"], ["61636.64000000", "0.01007000"], ["61636.68000000", "0.00400000"], ["61636.96000000", "0.00009000"], ["61637.09000000", "0.01100000"], ["61637.28000000", "0.00009000"], ["61637.29000000", "0.00009000"], ["61637.30000000", "0.00033000"], ["61637.43000000", "0.58464000"], ["61637.59000000", "0.00499000"], ["61637.63000000", "0.00009000"], ["61637.65000000", "0.00009000"], ["61637.69000000", "0.00009000"], ["61637.72000000", "0.01100000"], ["61637.83000000", "0.97390000"], ["61637.84000000", "0.59415000"], ["61637.85000000", "1.36330000"], ["61637.88000000", "0.00898000"], ["61638.00000000", "0.02400000"], ["61638.07000000", "0.01000000"], ["61638.20000000", "0.00400000"], ["61638.24000000", "0.20000000"], ["61638.26000000", "0.00156000"], ["61638.33000000", "0.01000000"], ["61638.34000000", "0.01000000"], ["61638.38000000", "0.02200000"], ["61638.41000000", "0.00009000"], ["61638.85000000", "0.00009000"], ["61639.04000000", "0.00010000"], ["61639.08000000", "0.00034000"], ["61639.49000000", "0.04217000"], ["61639.55000000", "0.00191000"], ["61639.70000000", "0.00009000"], ["61640.00000000", "0.02400000"], ["61640.01000000", "0.01000000"], ["61640.04000000", "0.00009000"], ["61640.17000000", "0.00400000"], ["61640.24000000", "0.00905000"], ["61640.25000000", "0.00009000"], ["61640.44000000", "0.00009000"], ["61640.57000000", "0.38956000"], ["61640.59000000", "0.88399000"], ["61640.67000000", "0.00009000"], ["61640.85000000", "0.58461000"], ["61641.07000000", "0.01800000"], ["61641.11000000", "0.00013000"], ["61641.12000000", "0.01400000"], ["61641.34000000", "0.08761000"], ["61641.65000000", "1.36330000"], ["61641.66000000", "0.40100000"], ["61641.68000000", "0.01200000"], ["61641.70000000", "0.00009000"], ["61641.75000000", "0.01100000"], ["61642.00000000", "0.02400000"], ["61642.03000000", "0.60825000"], ["61642.21000000", "0.01000000"], ["61642.24000000", "0.00009000"], ["61642.33000000", "0.00300000"], ["61642.49000000", "0.00024000"], ["61642.50000000", "0.00162000"], ["61642.89000000", "0.08888000"], ["61642.98000000", "0.00400000"], ["61643.12000000", "0.00009000"], ["61643.14000000", "0.00499000"], ["61643.20000000", "0.00009000"], ["61643.23000000", "1.02426000"], ["61643.24000000", "0.97390000"], ["61643.36000000", "0.00009000"], ["61643.55000000", "0.12000000"], ["61643.69000000", "0.00009000"], ["61643.80000000", "0.09748000"], ["61643.99000000", "0.58458000"], ["61644.00000000", "0.02400000"], ["61644.15000000", "0.01000000"], ["61644.27000000", "0.00009000"], ["61644.38000000", "1.36330000"], ["61644.41000000", "0.24760000"], ["61645.12000000", "0.00010000"], ["61645.30000000", "0.00034000"], ["61645.83000000", "0.00084000"], ["61645.99000000", "0.00009000"], ["61646.00000000", "0.02400000"], ["61646.02000000", "0.00400000"], ["61646.12000000", "0.00188000"], ["61646.15000000", "0.00009000"], ["61646.20000000", "0.00009000"], ["61646.39000000", "0.00283000"], ["61646.47000000", "0.00825000"], ["61646.71000000", "0.00009000"], ["61646.72000000", "0.04217000"], ["61647.03000000", "0.00012000"], ["61647.15000000", "0.38956000"], ["61647.18000000", "0.98881000"], ["61647.19000000", "0.19793000"], ["61647.20000000", "0.01169000"], ["61647.32000000", "0.00013000"], ["61647.49000000", "0.00010000"], ["61647.58000000", "0.58454000"], ["61647.60000000", "0.00009000"], ["61647.70000000", "0.97390000"], ["61647.74000000", "1.36330000"], ["61648.00000000", "0.02400000"], ["61648.10000000", "0.00623000"], ["61648.28000000", "0.00400000"], ["61648.38000000", "0.00009000"], ["61648.49000000", "0.00016000"], ["61648.69000000", "0.00238000"], ["61649.10000000", "0.00009000"], ["61649.28000000", "0.00009000"], ["61649.73000000", "0.00009000"], ["61649.88000000", "0.28400000"], ["61650.00000000", "0.02433000"], ["61650.13000000", "0.00009000"], ["61650.20000000", "0.00009000"], ["61650.29000000", "0.85059000"], ["61650.30000000", "0.81209000"], ["61650.32000000", "1.36330000"], ["61650.54000000", "0.00400000"], ["61650.57000000", "0.00010000"], ["61650.58000000", "0.05024000"], ["61650.68000000", "0.58451000"], ["61651.20000000", "0.00010000"], ["61651.26000000", "0.00649000"], ["61651.40000000", "0.00059000"], ["61651.53000000", "0.00034000"], ["61652.00000000", "1.63138000"], ["61652.01000000", "0.00196000"], ["61652.05000000", "0.00009000"], ["61652.10000000", "0.00009000"], ["61652.36000000", "0.00009000"], ["61652.60000000", "0.02755000"], ["61652.75000000", "0.00009000"], ["61652.78000000", "1.09170000"], ["61652.79000000", "2.33720000"], ["61652.80000000", "0.00400000"], ["61653.06000000", "0.00009000"], ["61653.53000000", "0.00013000"], ["61653.65000000", "0.00010000"], ["61653.67000000", "0.05024000"], ["61653.80000000", "0.00009000"], ["61654.00000000", "0.03550000"], ["61654.27000000", "0.00012000"], ["61654.49000000", "0.24750000"], ["61654.76000000", "0.00009000"], ["61654.95000000", "0.00400000"], ["61655.00000000", "0.00009000"], ["61655.06000000", "0.00400000"], ["61655.08000000", "0.00230000"], ["61655.12000000", "0.38956000"], ["61655.35000000", "0.03117000"], ["61655.44000000", "0.00009000"], ["61655.65000000", "1.74702000"], ["61655.74000000", "0.00009000"], ["61655.77000000", "0.00009000"], ["61655.99000000", "0.00009000"], ["61656.00000000", "0.02400000"], ["61656.59000000", "0.04217000"], ["61656.73000000", "0.00010000"], ["61656.74000000", "0.00162000"], ["61656.75000000", "0.03349000"], ["61656.87000000", "0.00419000"], ["61657.13000000", "0.04576000"], ["61657.22000000", "0.00400000"], ["61657.28000000", "0.00010000"], ["61657.56000000", "1.49996000"], ["61657.66000000", "0.97390000"], ["61657.70000000", "0.00043000"], ["61657.73000000", "1.36330000"], ["61657.95000000", "0.00009000"], ["61658.00000000", "0.02400000"], ["61658.26000000", "0.64137000"], ["61658.29000000", "1.60723000"], ["61658.52000000", "0.00009000"], ["61658.79000000", "0.00009000"], ["61658.82000000", "0.00400000"], ["61658.92000000", "0.00009000"], ["61659.46000000", "0.00846000"], ["61659.74000000", "0.00013000"], ["61659.80000000", "0.01324000"], ["61659.81000000", "0.00010000"], ["61659.83000000", "0.03349000"], ["61660.00000000", "0.02650000"], ["61660.01000000", "0.00009000"], ["61660.21000000", "0.04709000"], ["61660.70000000", "0.10280000"], ["61661.00000000", "0.01000000"], ["61661.11000000", "0.05133000"], ["61661.25000000", "0.01700000"], ["61661.41000000", "0.81725000"], ["61661.42000000", "2.33720000"], ["61661.43000000", "0.38956000"], ["61661.53000000", "0.01100000"], ["61661.60000000", "0.00009000"], ["61661.62000000", "0.97417000"], ["61661.81000000", "0.00009000"], ["61661.92000000", "0.00009000"], ["61662.00000000", "0.02400000"], ["61662.18000000", "0.00009000"], ["61662.50000000", "0.01700000"], ["61662.56000000", "0.01400000"], ["61662.76000000", "0.01595000"], ["61662.90000000", "0.00010000"], ["61663.11000000", "0.00024000"], ["61663.12000000", "0.01200000"], ["61663.18000000", "0.01527000"], ["61663.34000000", "0.00433000"], ["61663.36000000", "0.00010000"], ["61664.00000000", "0.03434000"], ["61664.08000000", "0.01000000"], ["61664.18000000", "0.24750000"], ["61664.20000000", "0.00400000"], ["61664.48000000", "0.01000000"], ["61664.53000000", "1.36330000"], ["61664.55000000", "1.60705000"], ["61664.68000000", "0.00009000"], ["61664.81000000", "0.02507000"], ["61664.83000000", "0.00020000"], ["61665.00000000", "0.86503000"], ["61665.26000000", "0.00009000"], ["61665.59000000", "0.01000000"], ["61665.95000000", "0.00013000"], ["61666.00000000", "0.02400000"], ["61666.25000000", "0.00162000"], ["61666.26000000", "0.01200000"], ["61666.59000000", "0.01100000"], ["61666.98000000", "0.00016000"], ["61667.15000000", "0.00400000"], ["61667.60000000", "2.33720000"], ["61667.61000000", "0.00282000"], ["61667.70000000", "0.00009000"], ["61667.75000000", "0.38956000"], ["61667.76000000", "0.00009000"], ["61667.85000000", "0.00009000"], ["61668.00000000", "0.02400000"], ["61668.55000000", "0.04217000"], ["61668.62000000", "0.00009000"], ["61668.86000000", "0.01622000"], ["61669.08000000", "0.00009000"], ["61669.44000000", "0.00010000"], ["61669.72000000", "0.00400000"], ["61670.00000000", "0.02400000"], ["61670.01000000", "0.00328000"], ["61670.02000000", "0.00009000"], ["61670.19000000", "0.00034000"], ["61670.84000000", "0.73528000"], ["61670.88000000", "0.00009000"], ["61670.90000000", "0.00499000"], ["61671.13000000", "0.09284000"], ["61671.26000000", "0.00009000"], ["61671.45000000", "0.01622000"], ["61671.46000000", "0.01622000"], ["61671.68000000", "1.60686000"], ["61671.71000000", "0.00009000"], ["61671.82000000", "0.41678000"], ["61672.00000000", "0.02400000"], ["61672.10000000", "0.01622000"], ["61672.15000000", "0.01622000"], ["61672.16000000", "0.00013000"], ["61672.29000000", "0.01622000"], ["61673.10000000", "0.00379000"], ["61673.11000000", "0.00381000"], ["61673.12000000", "0.00824000"], ["61673.13000000", "0.00013000"], ["61673.32000000", "0.00202000"], ["61673.49000000", "0.56510000"], ["61673.62000000", "0.24750000"], ["61673.92000000", "0.00009000"], ["61673.94000000", "0.00009000"], ["61674.00000000", "0.02400000"], ["61674.89000000", "0.38956000"], ["61675.04000000", "0.00250000"], ["61675.40000000", "0.88992000"], ["61675.41000000", "1.36330000"], ["61675.44000000", "0.01721000"], ["61675.52000000", "0.00010000"], ["61675.53000000", "0.00162000"], ["61675.54000000", "0.97390000"], ["61676.00000000", "0.02400000"], ["61676.24000000", "0.00009000"], ["61676.44000000", "0.00034000"], ["61676.45000000", "0.00499000"], ["61676.51000000", "0.00009000"], ["61676.67000000", "0.00112000"], ["61676.92000000", "0.00009000"], ["61677.00000000", "0.00009000"], ["61677.09000000", "1.17182000"], ["61677.19000000", "0.00847000"], ["61677.34000000", "0.04576000"], ["61677.80000000", "1.60672000"], ["61677.92000000", "0.01800000"], ["61677.95000000", "1.36430000"], ["61677.98000000", "0.01400000"], ["61678.00000000", "0.06617000"], ["61678.07000000", "0.00009000"], ["61678.37000000", "0.00013000"], ["61678.54000000", "0.01200000"], ["61678.60000000", "0.01100000"], ["61678.77000000", "0.10000000"], ["61678.78000000", "0.00009000"], ["61678.89000000", "0.00410000"], ["61679.42000000", "0.01000000"], ["61679.50000000", "0.01000000"], ["61679.52000000", "0.00009000"], ["61679.56000000", "0.01100000"], ["61679.63000000", "0.04815000"], ["61679.65000000", "0.00064000"], ["61679.71000000", "0.00009000"], ["61679.89000000", "0.00137000"], ["61679.91000000", "0.00538000"], ["61680.00000000", "0.02409000"], ["61680.08000000", "0.00009000"], ["61680.16000000", "0.00194000"], ["61680.17000000", "0.01000000"], ["61680.79000000", "0.00405000"], ["61680.81000000", "0.00046000"], ["61680.97000000", "0.08318000"], ["61681.01000000", "0.01000000"], ["61681.08000000", "0.01255000"], ["61681.13000000", "0.95114000"], ["61681.14000000", "0.38956000"], ["61681.15000000", "0.24750000"], ["61681.29000000", "0.00009000"], ["61681.60000000", "0.00010000"], ["61681.68000000", "0.01200000"], ["61682.00000000", "0.02899000"], ["61682.61000000", "0.00034000"], ["61682.92000000", "0.01000000"], ["61682.95000000", "0.97390000"], ["61682.96000000", "0.00009000"], ["61682.97000000", "1.36330000"], ["61683.01000000", "0.32591000"], ["61683.16000000", "0.00009000"], ["61683.26000000", "0.97463000"], ["61683.40000000", "0.00009000"], ["61683.71000000", "0.00009000"], ["61684.00000000", "0.02400000"], ["61684.02000000", "0.04638000"], ["61684.19000000", "0.89670000"], ["61684.20000000", "1.60654000"], ["61684.58000000", "0.00013000"], ["61685.47000000", "0.00016000"], ["61685.56000000", "1.36330000"], ["61685.99000000", "0.00018000"], ["61686.00000000", "0.02400000"], ["61686.24000000", "0.00009000"], ["61686.30000000", "0.00009000"], ["61686.44000000", "0.00824000"], ["61687.68000000", "0.00010000"], ["61687.71000000", "0.00009000"], ["61687.73000000", "1.51399000"], ["61687.74000000", "0.38956000"], ["61688.00000000", "0.02400000"], ["61688.09000000", "2.33720000"], ["61688.17000000", "0.24750000"], ["61688.62000000", "0.00009000"], ["61688.80000000", "0.00034000"], ["61688.92000000", "1.89161000"], ["61689.08000000", "0.04217000"], ["61689.32000000", "0.00009000"], ["61689.65000000", "0.04646000"], ["61689.71000000", "0.00009000"], ["61689.91000000", "0.00105000"], ["61690.00000000", "0.02400000"], ["61690.05000000", "0.00250000"], ["61690.14000000", "0.00231000"], ["61690.56000000", "0.00009000"], ["61690.79000000", "0.00013000"], ["61691.14000000", "1.36330000"], ["61691.15000000", "1.25418000"], ["61691.16000000", "4.04175000"], ["61691.87000000", "0.00009000"], ["61692.00000000", "0.02400000"], ["61692.03000000", "0.00009000"], ["61692.20000000", "0.00046000"], ["61692.21000000", "0.01227000"], ["61692.40000000", "0.00009000"], ["61693.10000000", "0.00997000"], ["61693.31000000", "0.47106000"], ["61693.32000000", "0.97390000"], ["61693.71000000", "0.00009000"], ["61693.76000000", "0.00010000"], ["61693.99000000", "0.00162000"], ["61694.00000000", "0.02400000"], ["61694.42000000", "0.13368000"], ["61694.78000000", "0.00010000"], ["61694.88000000", "0.24750000"], ["61694.98000000", "0.01134000"], ["61695.06000000", "0.00009000"], ["61695.48000000", "0.00009000"], ["61695.49000000", "1.36330000"], ["61695.71000000", "0.00009000"], ["61696.00000000", "0.02400000"], ["61696.67000000", "0.98425000"], ["61696.74000000", "3.23204000"], ["61696.96000000", "0.04217000"], ["61697.00000000", "0.00013000"], ["61697.71000000", "0.00009000"], ["61697.72000000", "0.00009000"], ["61698.00000000", "0.02409000"], ["61698.01000000", "0.00811000"], ["61698.08000000", "0.00009000"], ["61698.56000000", "0.00009000"], ["61698.84000000", "0.04400000"], ["61698.85000000", "0.38956000"], ["61699.76000000", "0.00824000"], ["61699.84000000", "0.00010000"], ["61699.99000000", "0.69603000"], ["61700.00000000", "1.53375000"], ["61700.01000000", "0.03838000"], ["61700.06000000", "0.69990000"], ["61700.08000000", "0.00037000"], ["61700.17000000", "0.00675000"], ["61701.07000000", "0.04233000"], ["61701.10000000", "0.00009000"], ["61701.36000000", "0.00009000"], ["61701.64000000", "0.00009000"], ["61701.98000000", "1.17732000"], ["61702.00000000", "0.02400000"], ["61702.08000000", "0.00010000"], ["61702.19000000", "0.97390000"], ["61702.21000000", "0.00162000"], ["61702.22000000", "0.24750000"], ["61702.27000000", "0.00009000"], ["61702.30000000", "0.00034000"], ["61702.89000000", "1.36330000"], ["61703.04000000", "1.60611000"], ["61703.21000000", "0.00013000"], ["61703.91000000", "0.00013000"], ["61703.96000000", "0.00016000"], ["61704.00000000", "0.02400000"], ["61704.20000000", "0.00498000"], ["61704.72000000", "0.00009000"], ["61704.88000000", "0.00009000"], ["61705.03000000", "0.00250000"], ["61705.04000000", "0.04217000"], ["61705.34000000", "0.00009000"], ["61705.92000000", "0.00010000"], ["61706.00000000", "0.02400000"], ["61706.80000000", "0.11634000"], ["61706.81000000", "0.38956000"], ["61707.15000000", "0.00009000"], ["61707.80000000", "0.00009000"], ["61708.00000000", "0.02400000"], ["61708.09000000", "0.00009000"], ["61708.44000000", "0.37328000"], ["61708.45000000", "0.97390000"], ["61708.48000000", "0.00034000"], ["61708.72000000", "0.00100000"], ["61708.88000000", "0.00009000"], ["61709.06000000", "0.00009000"], ["61709.09000000", "0.00279000"], ["61709.42000000", "0.00013000"], ["61709.68000000", "0.00009000"], ["61710.00000000", "0.02419000"], ["61710.19000000", "0.24750000"], ["61710.58000000", "0.00030000"], ["61710.88000000", "0.00009000"], ["61711.02000000", "0.00194000"], ["61711.08000000", "0.05035000"], ["61711.74000000", "0.00009000"], ["61712.00000000", "0.02410000"], ["61712.03000000", "0.00162000"], ["61712.04000000", "0.00009000"], ["61713.07000000", "0.00824000"], ["61713.20000000", "0.00009000"], ["61713.29000000", "0.11634000"], ["61713.30000000", "0.38956000"], ["61713.79000000", "0.00009000"], ["61713.96000000", "0.00009000"], ["61713.99000000", "0.01171000"], ["61714.00000000", "0.02400000"], ["61714.28000000", "0.00037000"], ["61715.29000000", "0.00498000"], ["61715.40000000", "0.00009000"], ["61715.62000000", "0.12000000"], ["61715.63000000", "0.00013000"], ["61715.76000000", "1.76808000"], ["61715.77000000", "4.86591000"], ["61715.85000000", "0.97390000"], ["61716.00000000", "0.02413000"], ["61716.18000000", "0.00034000"], ["61716.22000000", "0.00009000"], ["61716.34000000", "0.16869000"], ["61716.35000000", "0.24750000"], ["61716.41000000", "0.00009000"], ["61716.86000000", "0.00009000"], ["61717.04000000", "0.00009000"], ["61717.30000000", "0.00013000"], ["61718.00000000", "0.02400000"], ["61718.08000000", "0.00010000"], ["61718.37000000", "0.00016000"], ["61718.76000000", "0.00480000"], ["61718.98000000", "0.10000000"], ["61719.05000000", "0.00009000"], ["61719.20000000", "0.00009000"], ["61719.69000000", "0.00009000"], ["61719.94000000", "0.00009000"], ["61720.00000000", "0.02410000"], ["61720.11000000", "0.00250000"], ["61720.23000000", "0.00929000"], ["61720.97000000", "0.00162000"], ["61720.98000000", "0.04217000"], ["61721.48000000", "0.00013000"], ["61721.60000000", "0.00024000"], ["61721.73000000", "0.00032000"], ["61721.84000000", "0.00013000"], ["61721.99000000", "0.08110000"], ["61722.00000000", "0.02400000"], ["61722.27000000", "0.00009000"], ["61722.43000000", "0.00114000"], ["61722.45000000", "0.00016000"], ["61722.52000000", "0.24750000"], ["61722.76000000", "0.00009000"], ["61723.20000000", "0.00009000"], ["61723.24000000", "0.16784000"], ["61723.25000000", "0.97390000"], ["61723.52000000", "0.00034000"], ["61723.63000000", "0.12000000"], ["61723.87000000", "0.06172000"], ["61724.00000000", "0.02400000"], ["61724.01000000", "0.00032000"], ["61724.16000000", "0.00010000"], ["61724.38000000", "0.00009000"], ["61724.39000000", "0.38956000"], ["61725.13000000", "0.00059000"], ["61725.16000000", "0.04217000"], ["61726.00000000", "0.02400000"], ["61726.27000000", "0.00124000"], ["61726.36000000", "0.00009000"], ["61726.39000000", "0.01321000"], ["61726.42000000", "0.07699000"], ["61726.68000000", "0.01826000"], ["61727.24000000", "0.00043000"], ["61727.27000000", "0.00012000"], ["61727.38000000", "0.00009000"], ["61727.45000000", "0.00009000"], ["61727.89000000", "0.00032000"], ["61728.00000000", "0.02565000"], ["61728.05000000", "0.00013000"], ["61728.23000000", "0.00123000"], ["61728.68000000", "0.24750000"], ["61729.49000000", "0.00009000"], ["61729.65000000", "0.00028000"], ["61729.72000000", "0.00569000"], ["61729.74000000", "0.00034000"], ["61730.00000000", "0.02450000"], ["61730.04000000", "0.00162000"], ["61730.24000000", "0.00010000"], ["61730.64000000", "0.10860000"], ["61730.65000000", "0.97390000"], ["61730.70000000", "0.00140000"], ["61730.74000000", "0.00041000"], ["61731.04000000", "0.12000000"], ["61731.47000000", "0.00009000"], ["61731.53000000", "0.00009000"], ["61732.00000000", "0.02400000"], ["61732.55000000", "4.86470000"], ["61732.59000000", "0.00329000"], ["61732.99000000", "0.09348000"], ["61733.00000000", "0.00033000"], ["61733.24000000", "0.00009000"], ["61733.33000000", "0.00009000"], ["61733.52000000", "0.00009000"], ["61734.00000000", "0.02400000"], ["61734.05000000", "0.00032000"], ["61734.64000000", "0.38956000"], ["61734.69000000", "0.00013000"], ["61734.84000000", "0.24750000"], ["61734.93000000", "0.00009000"], ["61734.97000000", "0.00009000"], ["61735.02000000", "0.00250000"], ["61735.03000000", "0.00100000"], ["61736.00000000", "0.02400000"], ["61736.06000000", "0.00034000"], ["61736.32000000", "0.00010000"], ["61736.45000000", "0.04217000"], ["61736.89000000", "0.00009000"], ["61737.04000000", "0.00009000"], ["61737.39000000", "0.00009000"], ["61737.49000000", "0.00498000"], ["61737.56000000", "4.86413000"], ["61737.94000000", "0.00232000"], ["61738.00000000", "0.02400000"], ["61738.05000000", "0.97390000"], ["61738.60000000", "0.00009000"], ["61738.61000000", "0.00023000"], ["61739.00000000", "0.00978000"], ["61739.13000000", "0.00026000"], ["61739.71000000", "0.00823000"], ["61739.92000000", "0.00009000"], ["61740.00000000", "0.05551000"], ["61740.21000000", "0.00032000"], ["61740.23000000", "0.00162000"], ["61740.42000000", "0.00009000"], ["61740.55000000", "0.00012000"], ["61740.68000000", "0.00009000"], ["61740.95000000", "0.00127000"], ["61741.00000000", "0.24750000"], ["61741.17000000", "0.00015000"], ["61741.31000000", "0.05758000"], ["61741.68000000", "0.00009000"], ["61741.99000000", "0.00194000"], ["61742.00000000", "0.02400000"], ["61742.07000000", "0.00009000"], ["61742.27000000", "0.00162000"], ["61742.28000000", "0.04217000"], ["61742.35000000", "0.00034000"], ["61742.40000000", "0.00010000"], ["61742.99000000", "0.00009000"], ["61744.00000000", "0.02400000"], ["61744.21000000", "0.97390000"], ["61744.22000000", "4.86361000"], ["61744.79000000", "0.00260000"], ["61744.92000000", "0.00009000"], ["61745.28000000", "0.38956000"], ["61745.96000000", "0.00013000"], ["61746.00000000", "0.02432000"], ["61746.06000000", "0.00009000"], ["61746.36000000", "0.00061000"], ["61746.38000000", "0.00032000"], ["61746.57000000", "0.00162000"], ["61746.81000000", "0.00017000"], ["61747.16000000", "0.24750000"], ["61748.00000000", "0.02400000"], ["61748.43000000", "0.00010000"], ["61748.48000000", "0.00010000"], ["61748.56000000", "0.00034000"], ["61748.59000000", "0.00498000"], ["61749.09000000", "0.00009000"], ["61749.49000000", "0.00009000"], ["61749.96000000", "0.00010000"], ["61750.00000000", "0.18070000"], ["61750.01000000", "0.00050000"], ["61750.67000000", "0.00022000"], ["61750.84000000", "0.00242000"], ["61751.08000000", "0.00085000"], ["61751.29000000", "0.00009000"], ["61752.00000000", "0.02400000"], ["61752.51000000", "0.00202000"], ["61752.52000000", "0.00009000"], ["61752.54000000", "0.00032000"], ["61753.03000000", "0.00823000"], ["61753.27000000", "0.04217000"], ["61753.28000000", "0.00009000"], ["61753.29000000", "0.00114000"], ["61753.32000000", "0.24750000"], ["61754.00000000", "0.02400000"], ["61754.32000000", "0.38956000"], ["61754.40000000", "0.00009000"], ["61754.56000000", "0.00010000"], ["61754.58000000", "0.07477000"], ["61754.77000000", "0.00034000"], ["61755.00000000", "0.00009000"], ["61755.23000000", "0.00009000"], ["61755.64000000", "0.01926000"], ["61756.00000000", "0.02400000"], ["61756.42000000", "0.00010000"], ["61756.76000000", "0.00009000"], ["61757.16000000", "0.00039000"], ["61757.83000000", "0.00162000"], ["61757.90000000", "0.00039000"], ["61758.00000000", "0.02400000"], ["61758.30000000", "0.00009000"], ["61758.57000000", "0.00009000"], ["61759.48000000", "0.24750000"], ["61759.69000000", "0.00498000"], ["61760.00000000", "0.02524000"], ["61760.09000000", "0.00009000"], ["61760.16000000", "0.00009000"], ["61760.33000000", "0.00079000"], ["61760.64000000", "0.00010000"], ["61761.06000000", "0.00034000"], ["61761.96000000", "0.00009000"], ["61762.00000000", "0.41356000"], ["61762.07000000", "0.00162000"], ["61763.18000000", "0.04217000"], ["61763.76000000", "0.00009000"], ["61764.00000000", "0.02400000"], ["61764.62000000", "0.00009000"], ["61764.70000000", "0.01571000"], ["61765.35000000", "0.00010000"], ["61765.47000000", "0.00013000"], ["61765.64000000", "0.24750000"], ["61766.00000000", "0.02400000"], ["61766.35000000", "0.00823000"], ["61766.72000000", "0.00010000"], ["61766.83000000", "0.00009000"], ["61766.91000000", "0.00011000"], ["61767.26000000", "0.00034000"], ["61767.50000000", "0.00009000"], ["61768.00000000", "0.02400000"], ["61768.14000000", "0.00009000"], ["61768.43000000", "0.00009000"], ["61768.46000000", "0.00009000"], ["61768.54000000", "0.00011000"], ["61768.59000000", "0.00056000"], ["61768.68000000", "0.01826000"], ["61770.00000000", "0.02450000"], ["61770.30000000", "6.35605000"], ["61770.33000000", "0.00009000"], ["61770.60000000", "4.86159000"], ["61770.79000000", "0.00498000"], ["61771.00000000", "0.00009000"], ["61771.02000000", "0.00032000"], ["61771.72000000", "0.00162000"], ["61771.81000000", "0.24750000"], ["61772.00000000", "0.02400000"], ["61772.08000000", "0.00021000"], ["61772.16000000", "0.00194000"], ["61773.10000000", "0.38956000"], ["61773.44000000", "0.00034000"], ["61773.70000000", "0.00009000"], ["61774.00000000", "0.02400000"], ["61774.07000000", "0.00009000"], ["61774.19000000", "0.00105000"], ["61774.94000000", "0.00074000"], ["61775.13000000", "0.00009000"], ["61775.69000000", "0.00176000"], ["61776.00000000", "0.02400000"], ["61776.30000000", "0.00011000"], ["61776.48000000", "0.00009000"], ["61776.50000000", "0.15182000"], ["61776.73000000", "0.00009000"], ["61777.14000000", "0.00009000"], ["61777.29000000", "0.00018000"], ["61777.80000000", "0.22391000"], ["61777.98000000", "0.24750000"], ["61778.00000000", "0.02400000"], ["61778.64000000", "0.00009000"], ["61778.88000000", "0.00010000"], ["61779.53000000", "0.04065000"], ["61779.67000000", "0.00823000"], ["61779.79000000", "0.00050000"], ["61779.92000000", "0.00009000"], ["61780.00000000", "0.02450000"], ["61780.21000000", "0.00009000"], ["61780.76000000", "0.00009000"], ["61781.25000000", "0.01238000"], ["61781.27000000", "0.00010000"], ["61781.68000000", "0.00100000"], ["61781.72000000", "0.00034000"], ["61781.75000000", "0.00019000"], ["61782.00000000", "0.02400000"], ["61782.15000000", "0.00009000"], ["61783.89000000", "0.00605000"], ["61784.00000000", "0.02400000"], ["61784.14000000", "0.00030000"], ["61784.15000000", "0.24750000"], ["61784.20000000", "0.38956000"], ["61784.24000000", "0.00009000"], ["61784.44000000", "0.00009000"], ["61784.64000000", "0.02973000"], ["61784.92000000", "0.00011000"], ["61785.59000000", "0.00162000"], ["61785.60000000", "0.06572000"], ["61785.71000000", "0.00020000"], ["61785.76000000", "0.00032000"], ["61785.77000000", "0.15182000"], ["61785.81000000", "0.00009000"], ["61786.00000000", "0.02400000"], ["61786.14000000", "0.00009000"], ["61786.64000000", "0.00009000"], ["61787.03000000", "0.00510000"], ["61787.47000000", "0.01925000"], ["61787.52000000", "0.00009000"], ["61788.00000000", "0.02806000"], ["61788.33000000", "0.00010000"], ["61788.43000000", "0.00009000"], ["61789.40000000", "0.00033000"], ["61789.47000000", "0.00041000"], ["61790.00000000", "0.02450000"], ["61790.01000000", "0.00009000"], ["61790.32000000", "0.24750000"], ["61790.71000000", "0.00034000"], ["61790.90000000", "0.00024000"], ["61791.87000000", "0.00009000"], ["61791.93000000", "0.00032000"], ["61792.00000000", "0.02400000"], ["61792.63000000", "0.00009000"], ["61792.99000000", "0.00823000"], ["61793.32000000", "0.00009000"], ["61793.95000000", "0.00009000"], ["61794.00000000", "0.02400000"], ["61794.26000000", "0.00009000"], ["61794.64000000", "0.00009000"], ["61794.87000000", "0.00010000"], ["61795.03000000", "0.00162000"], ["61795.04000000", "0.15182000"], ["61795.15000000", "0.00194000"], ["61795.30000000", "0.38956000"], ["61795.45000000", "0.00179000"], ["61795.71000000", "0.00009000"], ["61796.00000000", "0.02400000"], ["61796.11000000", "0.00223000"], ["61796.25000000", "0.00013000"], ["61796.90000000", "0.00034000"], ["61797.05000000", "0.00418000"], ["61797.12000000", "0.00019000"], ["61797.43000000", "0.00015000"], ["61797.68000000", "0.00009000"], ["61797.75000000", "0.00009000"], ["61797.96000000", "0.00009000"], ["61798.00000000", "0.02400000"], ["61798.05000000", "0.00202000"], ["61798.28000000", "0.02542000"], ["61798.97000000", "0.00013000"], ["61799.08000000", "0.00009000"], ["61799.52000000", "0.01140000"], ["61799.84000000", "0.00009000"], ["61799.99000000", "0.00162000"], ["61800.00000000", "0.62328000"], ["61801.41000000", "0.00009000"], ["61801.64000000", "0.00021000"], ["61802.35000000", "0.00009000"], ["61802.58000000", "0.00015000"], ["61803.06000000", "0.06885000"], ["61803.62000000", "0.00009000"], ["61803.98000000", "0.00009000"], ["61804.25000000", "0.00032000"], ["61804.31000000", "0.15182000"], ["61805.31000000", "0.00009000"], ["61805.54000000", "0.00016000"], ["61805.85000000", "0.00020000"], ["61806.23000000", "0.00012000"], ["61806.40000000", "0.38956000"], ["61806.85000000", "0.00009000"], ["61807.04000000", "0.00010000"], ["61807.22000000", "0.00013000"], ["61807.43000000", "0.02542000"], ["61807.48000000", "0.00009000"], ["61807.69000000", "0.00013000"], ["61807.82000000", "0.00034000"], ["61807.83000000", "0.00011000"], ["61808.12000000", "0.03595000"], ["61808.71000000", "0.00009000"], ["61809.27000000", "0.00809000"], ["61809.60000000", "0.00012000"], ["61809.89000000", "0.00009000"], ["61810.00000000", "0.87996000"], ["61810.04000000", "0.00009000"], ["61810.23000000", "0.00053000"], ["61810.32000000", "0.00025000"], ["61810.35000000", "0.00009000"], ["61810.42000000", "0.00032000"], ["61810.59000000", "0.00023000"], ["61811.29000000", "4.85846000"], ["61811.91000000", "0.08692000"], ["61812.00000000", "0.18106000"], ["61812.30000000", "0.00027000"], ["61813.33000000", "0.00101000"], ["61813.37000000", "0.00118000"], ["61813.45000000", "0.00015000"], ["61813.58000000", "0.00162000"], ["61813.59000000", "0.15182000"], ["61814.22000000", "0.00051000"], ["61814.76000000", "0.00034000"], ["61814.79000000", "0.00720000"], ["61815.00000000", "0.00324000"], ["61815.36000000", "0.00010000"], ["61815.52000000", "0.00009000"], ["61815.60000000", "0.00009000"], ["61816.00000000", "0.00014000"], ["61816.09000000", "0.00009000"], ["61816.62000000", "0.00025000"], ["61816.71000000", "0.00100000"], ["61816.89000000", "0.11561000"], ["61817.87000000", "0.00014000"], ["61818.05000000", "0.00010000"], ["61818.18000000", "0.00157000"], ["61818.61000000", "0.00045000"], ["61818.66000000", "0.00009000"], ["61818.80000000", "3.80030000"], ["61819.12000000", "0.00009000"], ["61819.44000000", "0.00009000"], ["61820.00000000", "0.00050000"], ["61820.41000000", "0.00013000"], ["61820.95000000", "0.00034000"], ["61821.53000000", "0.00046000"], ["61821.71000000", "0.00025000"], ["61821.73000000", "0.00050000"], ["61822.15000000", "0.00009000"], ["61822.20000000", "0.00122000"], ["61822.63000000", "0.00182000"], ["61822.72000000", "0.00026000"], ["61822.87000000", "0.15182000"], ["61822.90000000", "0.11453000"], ["61822.92000000", "0.00010000"], ["61823.33000000", "0.01883000"], ["61823.52000000", "0.00368000"], ["61823.53000000", "0.02793000"], ["61823.70000000", "0.00011000"], ["61824.06000000", "0.00013000"], ["61825.09000000", "0.00015000"], ["61825.58000000", "0.00016000"], ["61826.17000000", "0.00015000"], ["61826.45000000", "0.00491000"], ["61826.90000000", "0.01904000"], ["61826.94000000", "0.01916000"], ["61827.03000000", "0.00013000"], ["61827.22000000", "0.00009000"], ["61827.68000000", "0.00811000"], ["61827.72000000", "0.00034000"], ["61827.90000000", "0.00011000"], ["61828.00000000", "0.00406000"], ["61828.12000000", "0.00014000"], ["61828.57000000", "0.00010000"], ["61828.59000000", "0.00036000"], ["61828.70000000", "0.00009000"], ["61830.00000000", "0.00050000"], ["61830.50000000", "0.00109000"], ["61830.52000000", "0.00021000"], ["61830.98000000", "0.00240000"], ["61831.03000000", "0.00010000"], ["61831.06000000", "0.00170000"], ["61831.15000000", "0.00015000"], ["61832.53000000", "0.00013000"], ["61833.33000000", "0.00438000"], ["61833.60000000", "0.00010000"], ["61833.77000000", "0.00017000"], ["61833.97000000", "0.00034000"], ["61834.08000000", "0.00009000"], ["61834.17000000", "0.03243000"], ["61834.27000000", "0.00009000"], ["61834.56000000", "0.00038000"], ["61834.58000000", "0.00068000"], ["61834.65000000", "0.00194000"], ["61835.29000000", "0.00018000"], ["61835.68000000", "0.00009000"], ["61837.21000000", "0.00092000"], ["61838.00000000", "0.50000000"], ["61839.13000000", "0.00020000"], ["61839.75000000", "0.00066000"], ["61839.78000000", "0.00014000"], ["61840.00000000", "0.00093000"], ["61840.02000000", "0.00009000"], ["61840.21000000", "0.00076000"], ["61840.67000000", "0.00034000"], ["61840.92000000", "0.00009000"], ["61841.17000000", "0.00010000"], ["61841.24000000", "0.00032000"], ["61841.66000000", "0.00132000"], ["61841.83000000", "0.00062000"], ["61842.07000000", "0.00011000"], ["61842.52000000", "0.00019000"], ["61842.85000000", "0.00062000"], ["61842.89000000", "0.00025000"], ["61843.26000000", "0.00048000"], ["61843.58000000", "0.00009000"], ["61843.75000000", "0.00013000"], ["61844.19000000", "2.09001000"], ["61844.43000000", "0.00009000"], ["61844.54000000", "0.00009000"], ["61844.64000000", "0.00010000"], ["61844.66000000", "0.00014000"], ["61844.67000000", "0.00009000"], ["61844.83000000", "0.00105000"], ["61844.90000000", "0.00009000"], ["61845.21000000", "0.00600000"], ["61845.31000000", "0.00206000"], ["61845.89000000", "0.00016000"], ["61846.15000000", "0.00009000"], ["61846.20000000", "0.02377000"], ["61846.90000000", "4.85575000"], ["61847.18000000", "0.00486000"], ["61847.22000000", "0.00034000"], ["61847.39000000", "0.07859000"]]}
{"type": "trade", "ts": 1783008086916, "price": "61630.00000000", "qty": "0.00228000", "buyer_maker": false, "trade_id": 6473108071}
{"type": "depth", "ts": 1783008087014, "U": 96863148717, "u": 96863148741, "bids": [["61629.99000000", "1.26468000"], ["61620.92000000", "0.08771000"], ["61614.33000000", "0.00649000"], ["61591.53000000", "0.00000000"], ["61581.22000000", "0.13813000"], ["61529.61000000", "0.00000000"], ["61519.45000000", "0.00000000"], ["61490.89000000", "0.00000000"], ["55470.59000000", "0.00000000"], ["55467.00000000", "0.09407000"], ["49304.00000000", "0.00126000"]], "asks": [["61630.00000000", "3.41329000"], ["61665.76000000", "0.00829000"], ["61668.84000000", "0.01658000"], ["61722.38000000", "0.00000000"], ["61725.61000000", "0.00000000"], ["61729.91000000", "0.00000000"], ["61849.20000000", "3.00000000"], ["61908.90000000", "3.00000000"], ["61968.60000000", "3.00000000"]]}
{"type": "depth", "ts": 1783008087114, "U": 96863148742, "u": 96863148747, "bids": [["61591.53000000", "0.00000000"], ["55467.00000000", "0.09447000"], ["55466.00000000", "0.30200000"]], "asks": []}
{"type": "trade", "ts": 1783008087165, "price": "61629.99000000", "qty": "0.00642000", "buyer_maker": true, "trade_id": 6473108072}
{"type": "trade", "ts": 1783008087165, "price": "61629.99000000", "qty": "0.00009000", "buyer_maker": true, "trade_id": 6473108073}
{"type": "trade", "ts": 1783008087165, "price": "61629.99000000", "qty": "0.00009000", "buyer_maker": true, "trade_id": 6473108074}
{"type": "trade", "ts": 1783008087165, "price": "61629.99000000", "qty": "0.00009000", "buyer_maker": true, "trade_id": 6473108075}
{"type": "trade", "ts": 1783008087165, "price": "61629.99000000", "qty": "0.00139000", "buyer_maker": true, "trade_id": 6473108076}
{"type": "trade", "ts": 1783008087172, "price": "61629.99000000", "qty": "0.00410000", "buyer_maker": true, "trade_id": 6473108077}
{"type": "trade", "ts": 1783008087172, "price": "61629.99000000", "qty": "0.00009000", "buyer_maker": true, "trade_id": 6473108078}
{"type": "trade", "ts": 1783008087172, "price": "61629.99000000", "qty": "0.00009000", "buyer_maker": true, "trade_id": 6473108079}
{"type": "trade", "ts": 1783008087172, "price": "61629.99000000", "qty": "0.00009000", "buyer_maker": true, "trade_id": 6473108080}
{"type": "trade", "ts": 1783008087172, "price": "61629.99000000", "qty": "0.00009000", "buyer_maker": true, "trade_id": 6473108081}
{"type": "trade", "ts": 1783008087172, "price": "61629.99000000", "qty": "0.00017000", "buyer_maker": true, "trade_id": 6473108082}
{"type": "trade", "ts": 1783008087172, "price": "61629.99000000", "qty": "0.00009000", "buyer_maker": true, "trade_id": 6473108083}
{"type": "trade", "ts": 1783008087172, "price": "61629.99000000", "qty": "0.00009000", "buyer_maker": true, "trade_id": 6473108084}
{"type": "trade", "ts": 1783008087172, "price": "61629.99000000", "qty": "0.00010000", "buyer_maker": true, "trade_id": 6473108085}
{"type": "trade", "ts": 1783008087172, "price": "61629.99000000", "qty": "0.00009000", "buyer_maker": true, "trade_id": 6473108086}
{"type": "trade", "ts": 1783008087172, "price": "61629.99000000", "qty": "0.00009000", "buyer_maker": true, "trade_id": 6473108087}
{"type": "trade", "ts": 1783008087172, "price": "61629.99000000", "qty": "0.00009000", "buyer_maker": true, "trade_id": 6473108088}
{"type": "trade", "ts": 1783008087172, "price": "61629.99000000", "qty": "0.00009000", "buyer_maker": true, "trade_id": 6473108089}
{"type": "trade", "ts": 1783008087172, "price": "61629.99000000", "qty": "0.00233000", "buyer_maker": true, "trade_id": 6473108090}
{"type": "trade", "ts": 1783008087178, "price": "61629.99000000", "qty": "0.02000000", "buyer_maker": true, "trade_id": 6473108091}
{"type": "depth", "ts": 1783008087214, "U": 96863148748, "u": 96863148886, "bids": [["61629.99000000", "0.28956000"], ["61629.63000000", "0.00009000"], ["61629.03000000", "0.00000000"], ["61629.02000000", "0.00000000"], ["61628.00000000", "0.00518000"], ["61627.99000000", "0.00027000"], ["61626.28000000", "0.00000000"], ["61626.27000000", "0.00018000"], ["61626.26000000", "0.00027000"], ["61626.01000000", "0.00009000"], ["61625.90000000", "0.00009000"], ["61625.89000000", "0.03371000"], ["61624.72000000", "0.00000000"], ["61624.71000000", "0.00018000"], ["61624.01000000", "0.00009000"], ["61624.00000000", "0.10522000"], ["61623.84000000", "0.00000000"], ["61623.83000000", "0.00019000"], ["61623.82000000", "0.00300000"], ["61623.27000000", "0.00000000"], ["61623.26000000", "0.00000000"], ["61623.09000000", "0.00000000"], ["61623.07000000", "0.00034000"], ["61622.13000000", "0.09080000"], ["61621.40000000", "0.02190000"], ["61620.93000000", "0.00000000"], ["61620.92000000", "0.00000000"], ["61620.83000000", "0.09080000"], ["61620.82000000", "0.01209000"], ["61620.03000000", "1.36818000"], ["61620.02000000", "0.00000000"], ["61619.39000000", "0.00000000"], ["61618.63000000", "0.01000000"], ["61618.57000000", "0.01000000"], ["61618.01000000", "0.01000000"], ["61617.95000000", "0.01000000"], ["61617.75000000", "0.08771000"], ["61617.74000000", "0.00000000"], ["61617.65000000", "0.24750000"], ["61617.45000000", "0.00000000"], ["61617.23000000", "0.02000000"], ["61617.03000000", "0.01000000"], ["61616.01000000", "0.00000000"], ["61615.66000000", "0.00000000"], ["61615.55000000", "0.01000000"], ["61614.74000000", "0.01000000"], ["61612.51000000", "0.05922000"], ["61611.78000000", "0.61117000"], ["61610.53000000", "0.12000000"], ["61605.23000000", "0.00000000"], ["61592.20000000", "1.17014000"], ["61591.53000000", "0.00009000"], ["61588.03000000", "0.00000000"], ["61581.22000000", "0.00000000"], ["61575.12000000", "0.13806000"], ["61568.52000000", "0.01000000"], ["61566.48000000", "0.01000000"], ["61566.22000000", "0.01000000"], ["61563.08000000", "0.01000000"], ["61563.02000000", "0.01000000"], ["61562.46000000", "0.01000000"], ["61526.36000000", "0.00000000"], ["61525.62000000", "0.00016000"], ["61515.45000000", "0.00024000"], ["61488.57000000", "0.04217000"], ["61487.90000000", "0.00037000"], ["60705.54000000", "0.00030000"], ["55467.00000000", "0.09487000"], ["49304.00000000", "0.00086000"]], "asks": [["61630.00000000", "3.42363000"], ["61630.86000000", "0.07482000"], ["61630.87000000", "0.04217000"], ["61631.31000000", "0.00000000"], ["61632.00000000", "0.10357000"], ["61632.62000000", "0.09089000"], ["61633.32000000", "0.00018000"], ["61633.33000000", "0.00027000"], ["61633.93000000", "0.09089000"], ["61633.94000000", "0.09080000"], ["61637.30000000", "0.00033000"], ["61637.43000000", "0.58464000"], ["61638.18000000", "0.00000000"], ["61638.38000000", "0.01200000"], ["61652.00000000", "1.63138000"], ["61655.13000000", "0.00000000"], ["61664.47000000", "0.00000000"], ["61665.76000000", "0.00000000"], ["61668.84000000", "0.00000000"], ["61677.80000000", "1.60672000"], ["61815.44000000", "0.00000000"]]}
{"type": "depth", "ts": 1783008087314, "U": 96863148887, "u": 96863148986, "bids": [["61629.99000000", "0.28929000"], ["61629.98000000", "0.00071000"], ["61628.00000000", "0.00518000"], ["61627.99000000", "0.00009000"], ["61627.18000000", "0.00000000"], ["61626.49000000", "0.00000000"], ["61626.27000000", "0.00000000"], ["61626.26000000", "0.00000000"], ["61626.00000000", "0.01118000"], ["61625.89000000", "0.03389000"], ["61624.73000000", "0.04727000"], ["61624.71000000", "0.00000000"], ["61624.00000000", "0.01136000"], ["61623.99000000", "0.27388000"], ["61622.14000000", "0.00009000"], ["61620.84000000", "0.00009000"], ["61620.80000000", "0.00019000"], ["61620.12000000", "0.00243000"], ["61617.88000000", "0.01000000"], ["61617.82000000", "0.01000000"], ["61615.05000000", "0.01000000"], ["61606.48000000", "0.00000000"], ["61570.03000000", "0.00000000"], ["61566.36000000", "0.01000000"], ["61563.02000000", "0.00000000"], ["61562.46000000", "0.00000000"], ["58000.00000000", "341.77455000"], ["55467.00000000", "0.09527000"]], "asks": [["61630.66000000", "0.01027000"], ["61630.86000000", "0.07491000"], ["61630.87000000", "0.04235000"], ["61631.89000000", "0.00894000"], ["61632.00000000", "0.10375000"], ["61632.09000000", "0.00009000"], ["61632.62000000", "0.09107000"], ["61633.32000000", "0.00000000"], ["61633.33000000", "0.00009000"], ["61633.93000000", "0.09107000"], ["61633.94000000", "0.09098000"], ["61633.95000000", "0.14923000"], ["61633.99000000", "0.86180000"], ["61634.00000000", "0.04349000"], ["61634.20000000", "0.00902000"], ["61635.24000000", "0.01300000"], ["61635.30000000", "1.37430000"], ["61638.07000000", "0.01000000"], ["61642.21000000", "0.01000000"], ["61644.83000000", "0.00000000"], ["61647.11000000", "0.00000000"], ["61676.67000000", "0.00112000"], ["62554.45000000", "0.00030000"]]}
{"type": "depth", "ts": 1783008087414, "U": 96863148987, "u": 96863149006, "bids": [["61628.00000000", "0.00530000"], ["61627.06000000", "0.09640000"], ["61626.00000000", "0.01918000"], ["61624.00000000", "0.01636000"], ["61622.01000000", "0.00009000"], ["61622.00000000", "0.02400000"], ["61614.74000000", "0.02000000"], ["61568.52000000", "0.00000000"], ["61566.47000000", "0.01000000"], ["61566.36000000", "0.00000000"], ["61467.30000000", "0.00000000"], ["61461.34000000", "0.01001000"], ["55467.00000000", "0.09547000"]], "asks": [["61630.00000000", "3.42376000"], ["61637.09000000", "0.01100000"], ["61638.33000000", "0.01000000"], ["61638.38000000", "0.02200000"], ["61644.34000000", "0.00000000"], ["61676.95000000", "0.00000000"], ["61718.37000000", "0.00016000"], ["61721.61000000", "0.00024000"]]}
{"type": "trade", "ts": 1783008087473, "price": "61629.99000000", "qty": "0.00098000", "buyer_maker": true, "trade_id": 6473108092}
{"type": "trade", "ts": 1783008087479, "price": "61629.99000000", "qty": "0.00760000", "buyer_maker": true, "trade_id": 6473108093}
{"type": "depth", "ts": 1783008087514, "U": 96863149007, "u": 96863149042, "bids": [["61629.99000000", "0.28071000"], ["61628.00000000", "0.00530000"], ["61627.07000000", "0.00009000"], ["61624.00000000", "0.02427000"], ["61623.99000000", "0.02500000"], ["61623.83000000", "0.00028000"], ["61623.82000000", "0.25050000"], ["61622.01000000", "0.00000000"], ["61620.83000000", "0.09089000"], ["61620.80000000", "0.00010000"], ["61617.75000000", "0.00000000"], ["61596.04000000", "0.88554000"], ["61578.01000000", "1.08690000"], ["61566.48000000", "0.00000000"], ["61535.99000000", "0.00009000"], ["55467.00000000", "0.09587000"], ["49303.99000000", "0.00000000"]], "asks": [["61634.00000000", "0.04340000"], ["61636.63000000", "0.00000000"], ["61644.28000000", "0.00000000"], ["61648.52000000", "0.00000000"], ["61649.75000000", "0.00000000"], ["61649.81000000", "0.00000000"], ["61651.26000000", "0.00649000"], ["61655.65000000", "1.74702000"], ["61682.01000000", "0.00000000"], ["61725.91000000", "0.00040000"]]}
{"type": "trade", "ts": 1783008087550, "price": "61630.00000000", "qty": "0.00035000", "buyer_maker": false, "trade_id": 6473108094}
{"type": "depth", "ts": 1783008087614, "U": 96863149043, "u": 96863149071, "bids": [["61629.99000000", "0.28062000"], ["61629.71000000", "0.00009000"], ["61629.70000000", "0.24888000"], ["61627.06000000", "0.09658000"], ["61623.99000000", "0.02500000"], ["61623.84000000", "0.00009000"], ["61623.83000000", "0.11353000"], ["61620.84000000", "0.00000000"], ["61620.82000000", "0.01200000"], ["61615.43000000", "0.01000000"], ["61614.81000000", "0.01300000"], ["61596.04000000", "0.41628000"], ["61567.10000000", "0.01000000"], ["61566.94000000", "0.01300000"], ["61566.22000000", "0.00000000"], ["55467.00000000", "0.09627000"], ["49303.99000000", "0.00000000"]], "asks": [["61630.00000000", "3.42341000"], ["61637.72000000", "0.01100000"], ["61638.34000000", "0.01000000"]]}
{"type": "trade", "ts": 1783008087683, "price": "61629.99000000", "qty": "0.00810000", "buyer_maker": true, "trade_id": 6473108095}
{"type": "depth", "ts": 1783008087714, "U": 96863149072, "u": 96863149109, "bids": [["61629.99000000", "0.27252000"], ["61629.70000000", "0.24906000"], ["61628.01000000", "0.00009000"], ["61628.00000000", "0.01730000"], ["61627.07000000", "0.00000000"], ["61627.06000000", "0.00018000"], ["61623.99000000", "0.02482000"], ["61623.84000000", "0.00000000"], ["61623.83000000", "0.00019000"], ["61623.82000000", "0.00300000"], ["61622.13000000", "0.00000000"], ["61622.01000000", "0.00009000"], ["61618.58000000", "0.00000000"], ["61614.26000000", "0.02000000"], ["61566.94000000", "0.00000000"], ["61566.47000000", "0.00000000"], ["61563.08000000", "0.00000000"], ["61540.01000000", "0.00000000"], ["61525.62000000", "0.00000000"], ["61525.61000000", "0.00016000"], ["61487.90000000", "0.00000000"], ["61461.34000000", "0.00000000"], ["61454.94000000", "0.01001000"], ["55467.00000000", "0.09627000"]], "asks": [["61649.13000000", "0.00000000"], ["61649.74000000", "0.00000000"], ["61695.60000000", "0.00000000"], ["61721.61000000", "0.00000000"], ["61725.91000000", "0.00000000"]]}
{"type": "trade", "ts": 1783008087715, "price": "61629.99000000", "qty": "0.04655000", "buyer_maker": true, "trade_id": 6473108096}
{"type": "trade", "ts": 1783008087718, "price": "61629.99000000", "qty": "0.05000000", "buyer_maker": true, "trade_id": 6473108097}
{"type": "trade", "ts": 1783008087718, "price": "61629.99000000", "qty": "0.01000000", "buyer_maker": true, "trade_id": 6473108098}
{"type": "trade", "ts": 1783008087750, "price": "61629.99000000", "qty": "0.16444000", "buyer_maker": true, "trade_id": 6473108099}
{"type": "trade", "ts": 1783008087750, "price": "61629.99000000", "qty": "0.00009000", "buyer_maker": true, "trade_id": 6473108100}
{"type": "trade", "ts": 1783008087750, "price": "61629.99000000", "qty": "0.00009000", "buyer_maker": true, "trade_id": 6473108101}
{"type": "trade", "ts": 1783008087750, "price": "61629.99000000", "qty": "0.00009000", "buyer_maker": true, "trade_id": 6473108102}
{"type": "trade", "ts": 1783008087750, "price": "61629.99000000", "qty": "0.00009000", "buyer_maker": true, "trade_id": 6473108103}
{"type": "trade", "ts": 1783008087750, "price": "61629.99000000", "qty": "0.00009000", "buyer_maker": true, "trade_id": 6473108104}
{"type": "trade", "ts": 1783008087750, "price": "61629.99000000", "qty": "0.00009000", "buyer_maker": true, "trade_id": 6473108105}
{"type": "trade", "ts": 1783008087750, "price": "61629.99000000", "qty": "0.00010000", "buyer_maker": true, "trade_id": 6473108106}
{"type": "trade", "ts": 1783008087750, "price": "61629.99000000", "qty": "0.00009000", "buyer_maker": true, "trade_id": 6473108107}
{"type": "trade", "ts": 1783008087750, "price": "61629.99000000", "qty": "0.00009000", "buyer_maker": true, "trade_id": 6473108108}
{"type": "trade", "ts": 1783008087750, "price": "61629.99000000", "qty": "0.00017000", "buyer_maker": true, "trade_id": 6473108109}
{"type": "trade", "ts": 1783008087750, "price": "61629.99000000", "qty": "0.00009000", "buyer_maker": true, "trade_id": 6473108110}
{"type": "trade", "ts": 1783008087750, "price": "61629.99000000", "qty": "0.00009000", "buyer_maker": true, "trade_id": 6473108111}
{"type": "trade", "ts": 1783008087750, "price": "61629.99000000", "qty": "0.00009000", "buyer_maker": true, "trade_id": 6473108112}
{"type": "trade", "ts": 1783008087750, "price": "61629.99000000", "qty": "0.00009000", "buyer_maker": true, "trade_id": 6473108113}
{"type": "trade", "ts": 1783008087750, "price": "61629.99000000", "qty": "0.00009000", "buyer_maker": true, "trade_id": 6473108114}
{"type": "trade", "ts": 1783008087750, "price": "61629.99000000", "qty": "0.00009000", "buyer_maker": true, "trade_id": 6473108115}
{"type": "trade", "ts": 1783008087750, "price": "61629.99000000", "qty": "0.00009000", "buyer_maker": true, "trade_id": 6473108116}
{"type": "trade", "ts": 1783008087750, "price": "61629.99000000", "qty": "0.00009000", "buyer_maker": true, "trade_id": 6473108117}
{"type": "trade", "ts": 1783008087750, "price": "61629.99000000", "qty": "0.00009000", "buyer_maker": true, "trade_id": 6473108118}
{"type": "trade", "ts": 1783008087750, "price": "61629.99000000", "qty": "0.00009000", "buyer_maker": true, "trade_id": 6473108119}
{"type": "trade", "ts": 1783008087750, "price": "61629.99000000", "qty": "0.00009000", "buyer_maker": true, "trade_id": 6473108120}
{"type": "trade", "ts": 1783008087750, "price": "61629.99000000", "qty": "0.00009000", "buyer_maker": true, "trade_id": 6473108121}
{"type": "trade", "ts": 1783008087750, "price": "61629.99000000", "qty": "0.00009000", "buyer_maker": true, "trade_id": 6473108122}
{"type": "trade", "ts": 1783008087750, "price": "61629.99000000", "qty": "0.00009000", "buyer_maker": true, "trade_id": 6473108123}
{"type": "trade", "ts": 1783008087750, "price": "61629.98000000", "qty": "0.00009000", "buyer_maker": true, "trade_id": 6473108124}
{"type": "trade", "ts": 1783008087750, "price": "61629.98000000", "qty": "0.00009000", "buyer_maker": true, "trade_id": 6473108125}
{"type": "trade", "ts": 1783008087750, "price": "61629.98000000", "qty": "0.00009000", "buyer_maker": true, "trade_id": 6473108126}
{"type": "trade", "ts": 1783008087750, "price": "61629.98000000", "qty": "0.00017000", "buyer_maker": true, "trade_id": 6473108127}
{"type": "trade", "ts": 1783008087750, "price": "61629.98000000", "qty": "0.00009000", "buyer_maker": true, "trade_id": 6473108128}
{"type": "trade", "ts": 1783008087750, "price": "61629.98000000", "qty": "0.00009000", "buyer_maker": true, "trade_id": 6473108129}
{"type": "trade", "ts": 1783008087750, "price": "61629.98000000", "qty": "0.00009000", "buyer_maker": true, "trade_id": 6473108130}
{"type": "trade", "ts": 1783008087750, "price": "61629.98000000", "qty": "0.00009000", "buyer_maker": true, "trade_id": 6473108131}
{"type": "trade", "ts": 1783008087750, "price": "61629.97000000", "qty": "0.00017000", "buyer_maker": true, "trade_id": 6473108132}
{"type": "trade", "ts": 1783008087750, "price": "61629.71000000", "qty": "0.00009000", "buyer_maker": true, "trade_id": 6473108133}
{"type": "depth", "ts": 1783008087814, "U": 96863149110, "u": 96863149342, "bids": [["61629.99000000", "0.00000000"], ["61629.98000000", "0.00000000"], ["61629.97000000", "0.00000000"], ["61629.71000000", "0.00000000"], ["61629.70000000", "0.25033000"], ["61629.69000000", "0.00063000"], ["61628.00000000", "0.01730000"], ["61627.06000000", "0.00000000"], ["61623.99000000", "0.02491000"], ["61622.14000000", "0.00000000"], ["61622.05000000", "0.01018000"], ["61622.00000000", "0.02418000"], ["61621.41000000", "0.00009000"], ["61620.86000000", "0.00009000"], ["61620.85000000", "0.08583000"], ["61620.84000000", "0.00000000"], ["61620.83000000", "0.00000000"], ["61618.44000000", "0.08771000"], ["61614.26000000", "0.00000000"], ["61613.04000000", "0.00000000"], ["61612.52000000", "0.60917000"], ["61612.26000000", "0.02000000"], ["61608.22000000", "0.86151000"], ["61599.00000000", "0.00000000"], ["61598.95000000", "0.00009000"], ["61598.00000000", "0.03400000"], ["61575.12000000", "0.00000000"], ["61574.33000000", "0.00000000"], ["61573.71000000", "0.00328000"], ["61567.10000000", "0.00000000"], ["61464.92000000", "0.00009000"], ["60705.54000000", "0.00000000"], ["55467.00000000", "0.09187000"], ["55466.73000000", "0.00020000"]], "asks": [["61629.71000000", "4.85761000"], ["61629.72000000", "0.00311000"], ["61629.73000000", "0.00017000"], ["61629.98000000", "0.47307000"], ["61629.99000000", "1.41454000"], ["61630.00000000", "0.37838000"], ["61630.01000000", "0.00000000"], ["61630.02000000", "0.00000000"], ["61630.86000000", "0.00018000"], ["61631.31000000", "0.00000000"], ["61632.62000000", "0.00027000"], ["61633.93000000", "0.00018000"], ["61633.94000000", "0.00000000"], ["61642.26000000", "0.00000000"], ["61642.32000000", "0.00000000"], ["61650.82000000", "0.00000000"], ["61667.03000000", "0.00000000"], ["61669.54000000", "0.00000000"], ["61670.01000000", "0.00328000"], ["61670.63000000", "0.00000000"], ["61679.65000000", "0.00064000"], ["61680.27000000", "0.00000000"], ["61680.80000000", "0.00000000"], ["61708.44000000", "0.37328000"], ["61710.29000000", "0.00000000"], ["61727.24000000", "0.00043000"], ["61727.86000000", "0.00000000"], ["61796.49000000", "0.00000000"], ["62554.45000000", "0.00000000"]]}
{"type": "depth", "ts": 1783008087914, "U": 96863149343, "u": 96863149391, "bids": [["61629.70000000", "0.25051000"], ["61629.69000000", "0.00072000"], ["61626.95000000", "0.00000000"], ["61624.34000000", "0.00009000"], ["61624.33000000", "0.08276000"], ["61620.87000000", "0.60917000"], ["61620.86000000", "0.00009000"], ["61620.85000000", "0.08574000"], ["61612.52000000", "0.00000000"], ["61609.64000000", "0.00000000"], ["61583.17000000", "0.00000000"], ["61573.13000000", "0.00436000"], ["61565.85000000", "0.01658000"], ["61484.50000000", "0.00040000"], ["61462.13000000", "0.00000000"], ["55466.73000000", "0.00060000"]], "asks": [["61629.71000000", "4.87266000"], ["61629.98000000", "0.47325000"], ["61629.99000000", "1.41472000"], ["61630.00000000", "0.11592000"], ["61630.66000000", "0.01027000"], ["61630.86000000", "0.00000000"], ["61632.00000000", "0.10366000"], ["61632.62000000", "0.00000000"], ["61633.93000000", "0.00000000"], ["61642.03000000", "0.60825000"], ["61646.63000000", "0.00000000"], ["61671.13000000", "0.09284000"], ["61721.60000000", "0.00024000"]]}
{"type": "depth", "ts": 1783008088014, "U": 96863149392, "u": 96863149460, "bids": [["61629.70000000", "0.40248000"], ["61629.69000000", "0.00296000"], ["61627.01000000", "0.09620000"], ["61625.74000000", "0.00009000"], ["61625.73000000", "0.00009000"], ["61624.73000000", "0.04727000"], ["61624.34000000", "0.00000000"], ["61624.33000000", "0.00018000"], ["61623.17000000", "0.00009000"], ["61623.16000000", "0.06575000"], ["61623.15000000", "0.09080000"], ["61622.00000000", "0.02400000"], ["61621.85000000", "0.00000000"], ["61621.84000000", "0.09080000"], ["61621.41000000", "0.00000000"], ["61620.88000000", "0.09080000"], ["61620.86000000", "0.84026000"], ["61620.85000000", "0.00000000"], ["61620.79000000", "0.00000000"], ["61620.04000000", "0.97390000"], ["61611.78000000", "0.61117000"], ["61609.35000000", "0.00009000"], ["61608.22000000", "0.39225000"], ["61583.32000000", "0.00009000"], ["61573.27000000", "0.00427000"], ["55466.73000000", "0.00080000"], ["49303.76000000", "0.00040000"]], "asks": [["61629.71000000", "4.77745000"], ["61629.98000000", "0.06624000"], ["61629.99000000", "0.05142000"], ["61632.91000000", "0.00000000"], ["61646.34000000", "0.00009000"], ["61659.71000000", "0.00829000"], ["61661.79000000", "0.01658000"], ["61725.90000000", "0.00040000"]]}
{"type": "depth", "ts": 1783008088114, "U": 96863149461, "u": 96863149515, "bids": [["61629.70000000", "1.17937000"], ["61629.69000000", "0.00305000"], ["61628.00000000", "0.01730000"], ["61627.02000000", "0.00018000"], ["61627.01000000", "0.09638000"], ["61625.90000000", "0.00000000"], ["61625.89000000", "0.00018000"], ["61625.74000000", "0.00000000"], ["61625.60000000", "0.00009000"], ["61625.59000000", "0.04775000"], ["61624.73000000", "0.04727000"], ["61624.33000000", "0.00000000"], ["61623.99000000", "0.02491000"], ["61622.05000000", "0.01000000"], ["61620.87000000", "0.00000000"], ["61615.55000000", "0.61916000"], ["61556.50000000", "0.00000000"], ["61552.21000000", "0.00030000"], ["61484.50000000", "0.00000000"], ["55466.73000000", "0.00120000"]], "asks": [["61629.98000000", "0.09241000"], ["61630.00000000", "0.11601000"], ["61632.00000000", "0.00018000"], ["61632.86000000", "0.00034000"], ["61632.98000000", "0.11367000"], ["61633.95000000", "0.14941000"], ["61645.20000000", "0.54925000"], ["61659.71000000", "0.00000000"], ["61661.79000000", "0.00000000"], ["61663.92000000", "1.05515000"], ["61706.29000000", "0.00030000"], ["61710.58000000", "0.00000000"]]}
{"type": "depth", "ts": 1783008088214, "U": 96863149516, "u": 96863149564, "bids": [["61629.70000000", "1.18003000"], ["61629.69000000", "0.00296000"], ["61626.00000000", "0.01918000"], ["61625.89000000", "0.00000000"], ["61625.59000000", "0.04793000"], ["61614.33000000", "0.00000000"], ["61614.04000000", "0.00649000"], ["61575.06000000", "0.13823000"], ["61525.61000000", "0.00000000"], ["61525.32000000", "0.00016000"], ["61515.45000000", "0.00000000"], ["61385.82000000", "0.00000000"], ["60705.25000000", "0.00030000"], ["55466.73000000", "0.00160000"], ["49303.76000000", "0.00000000"]], "asks": [["61630.00000000", "0.11592000"], ["61631.89000000", "0.00894000"], ["61632.00000000", "0.00000000"], ["61632.98000000", "0.11385000"], ["61634.66000000", "0.01800000"], ["61634.72000000", "0.01400000"], ["61635.27000000", "0.01200000"], ["61635.34000000", "0.01100000"], ["61637.75000000", "0.01000000"], ["61641.07000000", "0.00000000"], ["61644.15000000", "0.00000000"], ["61651.26000000", "0.00000000"], ["61718.37000000", "0.00000000"], ["61721.60000000", "0.00000000"], ["61725.90000000", "0.00000000"]]}
{"type": "depth", "ts": 1783008088314, "U": 96863149565, "u": 96863149582, "bids": [["61629.70000000", "1.18068000"], ["61629.63000000", "0.00000000"], ["61620.83000000", "0.00009000"], ["61454.94000000", "0.01016000"], ["61409.41000000", "0.02542000"], ["55466.73000000", "0.00200000"], ["55466.00000000", "0.30220000"]], "asks": [["61629.71000000", "4.77583000"], ["61631.40000000", "0.00164000"], ["61641.12000000", "0.00000000"], ["61641.68000000", "0.00000000"], ["61676.67000000", "0.01412000"], ["61676.95000000", "0.01100000"], ["62554.16000000", "0.00030000"]]}
{"type": "depth", "ts": 1783008088414, "U": 96863149583, "u": 96863149622, "bids": [["61629.70000000", "0.25087000"], ["61627.02000000", "0.00009000"], ["61627.01000000", "0.00018000"], ["61625.60000000", "0.00000000"], ["61625.59000000", "0.00018000"], ["61625.37000000", "0.00009000"], ["61625.36000000", "0.02814000"], ["61624.13000000", "0.00000000"], ["61623.16000000", "0.00000000"], ["61623.15000000", "0.00000000"], ["61621.85000000", "0.00009000"], ["61620.86000000", "0.60740000"], ["61620.04000000", "0.00000000"], ["61608.22000000", "0.83839000"], ["61586.63000000", "0.00024000"], ["61515.16000000", "0.00056000"], ["61484.21000000", "0.00040000"], ["55466.73000000", "0.00220000"], ["55466.00000000", "0.30200000"]], "asks": [["61630.00000000", "0.11601000"], ["61631.46000000", "0.12617000"], ["61632.98000000", "0.00018000"], ["61641.75000000", "0.00000000"], ["61649.07000000", "0.04709000"], ["61660.21000000", "0.00000000"], ["61682.01000000", "0.01100000"]]}
{"type": "trade", "ts": 1783008088478, "price": "61629.70000000", "qty": "0.00609000", "buyer_maker": true, "trade_id": 6473108134}
{"type": "trade", "ts": 1783008088496, "price": "61629.70000000", "qty": "0.03270000", "buyer_maker": true, "trade_id": 6473108135}
{"type": "trade", "ts": 1783008088496, "price": "61629.70000000", "qty": "0.06000000", "buyer_maker": true, "trade_id": 6473108136}
{"type": "trade", "ts": 1783008088497, "price": "61629.70000000", "qty": "0.02559000", "buyer_maker": true, "trade_id": 6473108137}
{"type": "trade", "ts": 1783008088497, "price": "61629.70000000", "qty": "0.12450000", "buyer_maker": true, "trade_id": 6473108138}
{"type": "trade", "ts": 1783008088497, "price": "61629.70000000", "qty": "0.00009000", "buyer_maker": true, "trade_id": 6473108139}
{"type": "trade", "ts": 1783008088497, "price": "61629.70000000", "qty": "0.00009000", "buyer_maker": true, "trade_id": 6473108140}
{"type": "trade", "ts": 1783008088497, "price": "61629.70000000", "qty": "0.00009000", "buyer_maker": true, "trade_id": 6473108141}
{"type": "trade", "ts": 1783008088497, "price": "61629.70000000", "qty": "0.00009000", "buyer_maker": true, "trade_id": 6473108142}
{"type": "trade", "ts": 1783008088497, "price": "61629.70000000", "qty": "0.00009000", "buyer_maker": true, "trade_id": 6473108143}
{"type": "trade", "ts": 1783008088497, "price": "61629.70000000", "qty": "0.00009000", "buyer_maker": true, "trade_id": 6473108144}
{"type": "trade", "ts": 1783008088497, "price": "61629.70000000", "qty": "0.00009000", "buyer_maker": true, "trade_id": 6473108145}
{"type": "trade", "ts": 1783008088497, "price": "61629.70000000", "qty": "0.00009000", "buyer_maker": true, "trade_id": 6473108146}
{"type": "trade", "ts": 1783008088497, "price": "61629.70000000", "qty": "0.00009000", "buyer_maker": true, "trade_id": 6473108147}
{"type": "trade", "ts": 1783008088497, "price": "61629.70000000", "qty": "0.00009000", "buyer_maker": true, "trade_id": 6473108148}
{"type": "trade", "ts": 1783008088497, "price": "61629.70000000", "qty": "0.00009000", "buyer_maker": true, "trade_id": 6473108149}
{"type": "trade", "ts": 1783008088497, "price": "61629.70000000", "qty": "0.00009000", "buyer_maker": true, "trade_id": 6473108150}
{"type": "trade", "ts": 1783008088497, "price": "61629.70000000", "qty": "0.00010000", "buyer_maker": true, "trade_id": 6473108151}
{"type": "trade", "ts": 1783008088497, "price": "61629.70000000", "qty": "0.00009000", "buyer_maker": true, "trade_id": 6473108152}
{"type": "trade", "ts": 1783008088497, "price": "61629.70000000", "qty": "0.00009000", "buyer_maker": true, "trade_id": 6473108153}
{"type": "trade", "ts": 1783008088497, "price": "61629.70000000", "qty": "0.00009000", "buyer_maker": true, "trade_id": 6473108154}
{"type": "trade", "ts": 1783008088497, "price": "61629.70000000", "qty": "0.00009000", "buyer_maker": true, "trade_id": 6473108155}
{"type": "trade", "ts": 1783008088497, "price": "61629.70000000", "qty": "0.00009000", "buyer_maker": true, "trade_id": 6473108156}
{"type": "trade", "ts": 1783008088497, "price": "61629.70000000", "qty": "0.00009000", "buyer_maker": true, "trade_id": 6473108157}
{"type": "trade", "ts": 1783008088497, "price": "61629.70000000", "qty": "0.00009000", "buyer_maker": true, "trade_id": 6473108158}
{"type": "trade", "ts": 1783008088497, "price": "61629.70000000", "qty": "0.00009000", "buyer_maker": true, "trade_id": 6473108159}
{"type": "trade", "ts": 1783008088497, "price": "61629.70000000", "qty": "0.00009000", "buyer_maker": true, "trade_id": 6473108160}
{"type": "trade", "ts": 1783008088497, "price": "61629.70000000", "qty": "0.00009000", "buyer_maker": true, "trade_id": 6473108161}
{"type": "trade", "ts": 1783008088497, "price": "61629.69000000", "qty": "0.00009000", "buyer_maker": true, "trade_id": 6473108162}
{"type": "trade", "ts": 1783008088497, "price": "61629.69000000", "qty": "0.00009000", "buyer_maker": true, "trade_id": 6473108163}
{"type": "trade", "ts": 1783008088497, "price": "61629.69000000", "qty": "0.00009000", "buyer_maker": true, "trade_id": 6473108164}
{"type": "trade", "ts": 1783008088497, "price": "61629.69000000", "qty": "0.00009000", "buyer_maker": true, "trade_id": 6473108165}
{"type": "trade", "ts": 1783008088497, "price": "61629.69000000", "qty": "0.00009000", "buyer_maker": true, "trade_id": 6473108166}
{"type": "trade", "ts": 1783008088497, "price": "61629.69000000", "qty": "0.00009000", "buyer_maker": true, "trade_id": 6473108167}
